2375 3842
332 236 448 297 132
1000 296 1016 308 ,
1107 232 1337 295 LJVJJ

330 379 468 455 quia
493 379 567 436 ab
594 377 760 436 hoste
787 381 878 436 est
905 382 1212 452 cessatum,
1242 379 1325 437 sic
1352 384 1545 456 strage
1571 379 1861 438 exercitus
1887 381 2120 457 gravior

282 496 306 533 3
329 473 663 550 foediorque.
748 472 916 548 Fuga
950 493 1205 550 namque
1230 474 1307 531 ad
1333 473 1538 531 Aliam
1573 474 1727 533 sieut
1760 476 1968 533 urbem
1993 496 2119 553 pro-

329 572 499 644 didit,
548 572 637 628 ita
683 569 1009 627 exercitum
1053 570 1354 644 servavit3
1397 569 1473 628 ad
1518 570 1750 629 Cannas
1795 572 2118 649 fugientem

328 666 622 726 consulem
647 665 755 724 vix
786 665 1215 742 quinquaginta
1248 666 1436 724 secuti
1468 672 1627 740 sunt,
1666 667 1910 726 alterius
1948 669 2119 727 mori-

330 761 483 819 entis
508 780 688 837 prope
715 766 876 819 totus
903 762 1196 820 exercitus
1222 761 1356 819 fuit.

284 879 308 916 4
448 860 619 918 Binis
666 859 733 916 in
774 860 980 917 castris
1027 878 1212 934 quum
1253 857 1574 916 multitudo
1615 860 1935 919 semiermis
1983 860 2112 921 sine

329 978 453 1017 some
477 978 522 1017 ot
540 978 611 1017 the
638 986 729 1016 sm·-
769 956 1014 1015 ducibus
1041 961 1208 1028 esset,
1237 956 1535 1030 nuntium,
1565 957 1669 1033 qui
1704 958 1770 1015 in
1795 940 2118 1017 maioribus

327 1025 476 1118 3:3¹⁸&
484 1023 730 1118 fflgfltiffir
768 1058 954 1123 erant,
1002 1051 1272 1126 mittunt,
1320 1052 1462 1110 dum
1520 1054 1743 1130 proeli0,
1791 1055 2002 1113 deinde
2040 1075 2120 1115 ex

326 1150 534 1209 laetitia
559 1150 745 1227 epulis
770 1149 1045 1227 fatigatos
1071 1148 1238 1226 quies
1274 1155 1561 1207 nocturna
1584 1150 1779 1208 hostes
1806 1159 2112 1228 premeret,

326 1253 399 1305 ut
433 1247 511 1304 ad
543 1266 606 1305 se
641 1247 1000 1305 transirent:
1055 1265 1176 1303 uno
1216 1246 1448 1322 agmine
1491 1247 1812 1306 Canusium
1853 1248 2117 1307 abituros

279 1373 304 1412 5
329 1362 467 1403 esse.
552 1344 703 1402 Eam
729 1342 1081 1402 sententiam
1110 1342 1216 1400 alii
1239 1349 1427 1401 totam
1454 1343 1786 1421 aspernari3
1826 1364 1932 1403 cur
1956 1347 2116 1406 enim

325 1438 476 1513 illos,
521 1440 625 1516 qui
665 1458 727 1497 se
760 1445 1072 1512 arcessant,
1115 1439 1269 1515 ipsos
1310 1458 1430 1497 non
1470 1440 1687 1514 venire,
1730 1460 1912 1517 quum
1952 1459 2117 1517 aeque

326 1537 604 1613 coniungi
639 1538 915 1614 possent?
957 1538 1097 1613 quia
1121 1537 1395 1596 videlicet
1429 1538 1603 1615 plena
1627 1538 1887 1597 hostium
1918 1540 2117 1599 omnia

323 1635 391 1691 in
430 1634 624 1692 medio
661 1640 870 1707 essent,
913 1640 975 1692 et
1014 1635 1264 1693 aliorum
1304 1655 1482 1711 quam
1521 1654 1628 1693 sua
1666 1655 1907 1714 corpora
1946 1643 2115 1696 tanto

279 1750 303 1788 6
323 1729 582 1807 periculo
629 1730 873 1787 mallent
920 1730 1183 1789 obiicere.
1275 1731 1439 1789 Aliis
1484 1750 1605 1790 non
1652 1737 1776 1789 tam
1822 1735 2116 1792 sententia

324 1821 627 1898 displicere
663 1842 841 1899 quam
873 1824 1104 1881 animus
1141 1824 1350 1884 deesse.
1437 1824 1505 1886 P.
1539 1825 1915 1903 Sempronius
1940 1827 2116 1885 Tudi-

322 1921 500 1974 tanus
538 1917 813 1975 tribunus
849 1918 1110 1975 militum
1153 1923 1190 1953 “
1206 1919 1353 1995 Capi
1379 1938 1515 1997 ergo
1547 1920 1828 1977 mavultis
1843 1919 1878 1946 ’'
1912 1920 2114 1997 inquit

326 2017 363 2046 “
378 2013 453 2070 ab
513 2014 851 2073 avarissimo
904 2021 966 2073 et
1017 2015 1415 2074 crudelissimo
1479 2016 1664 2090 hoste,
1718 2017 2113 2094 aestimarique

320 2111 514 2185 capita
539 2119 734 2168 vestra
758 2118 821 2169 et
847 2111 1079 2188 exquiri
1112 2113 1304 2189 pretia
1342 2114 1417 2171 ab
1449 2111 1961 2191 interrogantibus
1993 2114 2114 2172 Ro-

318 2225 527 2265 manus
572 2207 718 2265 civis
765 2208 844 2266 sis
891 2228 969 2266 an
1010 2209 1261 2268 Latinus
1298 2210 1501 2283 sociuS,
1538 2215 1610 2268 ut
1649 2230 1725 2269 ex
1762 2215 1869 2269 tua
1907 2216 2112 2269 eontu-

273 2329 298 2367 7
318 2304 493 2362 melia
535 2311 598 2363 et
637 2305 872 2363 miseria
910 2305 1083 2363 alteri
1119 2306 1305 2364 honos
1345 2308 1679 2383 quaeratur?
1758 2307 1901 2365 Non
1940 2313 2027 2381 tu,
2056 2309 2111 2367 si

316 2402 555 2478 quidem
597 2402 666 2461 L.
705 2399 942 2460 AEmilii
982 2403 1253 2476 consulis,
1300 2404 1405 2481 qui
1450 2423 1512 2461 se
1551 2404 1699 2462 bene
1738 2404 1890 2461 mori
1928 2423 2108 2481 quam

315 2498 571 2575 turpiter
609 2500 809 2557 vivere
848 2500 1075 2575 maluit,
1108 2506 1169 2558 et
1208 2506 1301 2558 tot
1338 2499 1788 2559 fortissimorum
1821 2500 2103 2576 virorum,

269 2610 294 2649 8
315 2595 419 2670 qui
445 2595 596 2652 circa
631 2615 766 2652 eum
794 2596 1079 2654 cumulati
1113 2596 1323 2670 iacent,
1354 2596 1510 2655 cives
1551 2598 1703 2656 estis.
1791 2596 1902 2655 Sed
1945 2603 2108 2655 ante-

315 2709 492 2767 quam
532 2692 811 2768 opprimit
849 2693 958 2751 lux
996 2693 1332 2771 maioraque
1370 2693 1630 2752 hostium
1666 2693 1899 2771 agmina
1930 2694 2106 2752 obsae-

312 2787 489 2865 piunt
526 2787 658 2861 iter,
700 2808 806 2865 per
844 2789 970 2864 host,
1010 2790 1116 2868 qui
1153 2790 1477 2849 inordinati
1515 2798 1692 2868 atque
1732 2792 2106 2867 incompositi

265 2915 292 2954 9
313 2887 657 2963 obstrepunt
697 2887 900 2964 portis,
947 2907 1335 2965 erumpamus,
1419 2888 1601 2947 Ferro
1640 2894 1817 2965 atque
1858 2888 2107 2946 audacia

309 2983 409 3040 via
441 2983 512 3040 fit
547 2984 815 3060 quamvis
854 3004 959 3061 per
994 2986 1285 3043 confertos
1324 2984 1533 3045 hostes.
1620 2984 1821 3044 Cuneo
1860 2984 2104 3061 quidem

286 3079 418 3139 .hoc
452 3081 658 3140 laxum
696 3087 875 3159 atque
927 3081 1186 3139 solutum
1227 3101 1453 3158 agmen,
1495 3087 1564 3139 ut
1604 3080 1656 3139 si
1693 3080 1841 3138 nihil
1885 3080 2098 3154 obstet,

308 3174 575 3233 disiicias.
660 3174 873 3251 Itaque
912 3174 997 3231 ite
1035 3192 1282 3246 mecum,
1326 3172 1431 3250 qui
1477 3179 1538 3230 et
1576 3178 1802 3231 vosmet
1838 3171 1996 3248 ipsos
2039 3178 2103 3256 et

203 3300 288 3337 ,ιο
306 3290 433 3329 rem
470 3272 764 3349 publicam
805 3271 1025 3329 salvam
1064 3268 1262 3327 vultis.
1270 3269 1301 3298 '²
1381 3268 1529 3327 Haec
1570 3269 1675 3326 ubi
1715 3268 1874 3325 dicta
1911 3267 2095 3341 dedit,

307 3365 547 3444 stringit
579 3366 858 3445 gladium,
889 3386 1186 3446 cuneoque
1213 3367 1366 3425 facto
1392 3385 1495 3439 per
1521 3364 1741 3424 medios
1768 3365 1932 3423 vadit
1965 3364 2099 3423 hos-
