2375 3842
909 277 1170 338 LIBER
1221 270 1440 339 XXII.
1955 273 2069 341 123

284 437 476 489 catam
526 428 918 489 temeritatem
980 424 1277 487 ferocioris
1343 428 1596 486 consulis
1654 447 1723 486 ac
1785 419 2071 489 novorum

283 526 538 586 maxime
578 526 837 584 militum
883 543 1020 584 esse.
1126 524 1210 583 Et
1263 527 1459 583 omnia
1511 525 1569 584 ei
1616 523 1878 585 hostium
1912 528 2071 587 haud
2099 553 2121 591 s

285 639 447 682 secus
499 642 680 700 quam
715 640 823 680 sua
859 628 1002 680 nota
1043 628 1250 680 erant:
1313 621 1623 681 dissimiles
1670 623 2073 703 discordesque

283 718 636 796 imperitare,
679 718 823 777 duas
861 737 1040 795 prope
1075 723 1273 795 partes
1307 718 1570 777 tironum
1595 719 1857 779 militum
1882 722 1948 780 in
1975 741 2071 780 ex-

284 818 471 875 ercitu
513 836 652 875 esse.
737 815 950 892 Itaque
996 814 1191 874 locum
1231 820 1293 874 et
1330 820 1564 893 tempus
1597 814 1828 877 insidiis
1863 824 2069 896 aptum
2097 839 2121 877 ο

284 932 346 972 se
373 914 585 972 habere
611 917 790 985 ratus,
819 917 989 970 nocte
1009 912 1294 990 proxima,
1315 913 1466 971 nihil
1488 932 1633 989 prae-
1671 954 1739 995 ne
1751 957 1842 1004 ,Ψ
1855 966 1884 997 ⁸
1897 957 1993 1007 tm,
2007 955 2073 997 ror

283 1018 378 1070 ter
430 1031 593 1071 arma
643 1012 868 1070 ferente
920 1030 1116 1070 secum
1175 1011 1385 1086 milite,
1440 1020 1632 1071 castra
1668 1003 1796 1051 ⁰¹⁰³·

283 1110 457 1188 plena
508 1109 698 1168 omnis
751 1110 999 1167 fortunae
1055 1108 1302 1184 publicoe
1360 1110 1720 1187 privataeque
1770 1108 2071 1186 relinquit,

283 1214 561 1284 transque
621 1206 919 1283 proximos
979 1211 1210 1263 montes
1270 1206 1419 1264 laeva
1469 1207 1697 1283 pedites
1750 1205 2070 1265 instructos
2101 1233 2123 1270 ⁷

285 1305 499 1376 condit,
547 1303 757 1362 dextra
822 1302 1068 1379 equites,
1125 1303 1548 1378 impedimenta
1592 1322 1698 1380 per
1750 1302 2072 1361 convallem

285 1401 536 1459 mediam
589 1399 865 1472 traducit,
915 1405 986 1458 ut
1031 1398 1375 1475 diripiendis
1428 1399 1595 1458 velut
1640 1399 1882 1459 desertis
1933 1400 2075 1477 fuga
2100 1422 2123 1460 s

286 1497 652 1556 dominorum
705 1497 910 1554 castris
949 1501 1297 1572 occupatum
1342 1496 1806 1574 impeditumque
1846 1486 2073 1555 hostem

286 1595 655 1673 opprimeret.
740 1592 947 1652 Crebri
993 1592 1187 1652 relicti
1229 1592 1294 1650 in
1338 1593 1543 1652 castris
1589 1593 1770 1671 ignes,
1818 1599 1889 1651 ut
1929 1593 2074 1653 fides
2099 1630 2125 1668 9

287 1693 467 1763 fieret,
497 1692 639 1749 dum
677 1691 801 1767 ipse
834 1689 1067 1767 longius
1102 1689 1357 1766 spatium
1383 1691 1523 1769 fuga
1547 1691 1900 1769 praeciperet,
1929 1691 2077 1751 falsa

286 1789 540 1865 imagine
585 1793 923 1860 castrorum,
974 1787 1129 1845 sicut
1180 1786 1433 1845 Fabium
1484 1788 1678 1865 priore
1730 1807 1886 1846 anno
1928 1788 2075 1846 frus-

286 1891 478 1943 tratus
530 1890 699 1957 esset,
743 1889 945 1942 tenere
989 1883 1056 1940 in
1102 1883 1245 1942 locis
1285 1885 1547 1943 consules
1593 1884 1859 1945 voluisse.
1945 1885 2075 1945 Ubi
2100 1889 2176 1949 42

284 1982 502 2053 illuxit,
533 1981 831 2039 subductae
870 1980 1060 2056 primo
1101 1981 1401 2054 stationes,
1431 1981 1641 2040 deinde
1671 1982 1911 2059 propius
1943 1983 2073 2041 ade-

286 2074 529 2132 untibus
555 2073 860 2132 insolitum
894 2074 1194 2132 silentium
1231 2075 1675 2135 admirationem
1701 2077 1855 2139 fecit.
1940 2076 2071 2135 Iam
2098 2109 2122 2136 2

287 2171 431 2230 satis
468 2176 764 2247 comperta
805 2170 1125 2229 solitudine
1166 2171 1233 2227 in
1277 2172 1499 2244 castris,
1535 2191 1846 2231 concursus
1890 2172 1964 2232 fit
1996 2174 2072 2232 ad

286 2267 557 2343 praetoria
601 2266 904 2324 consulum
943 2267 1350 2325 nuntiantium
1390 2268 1590 2343 fugam
1629 2268 1888 2325 hostium
1927 2269 2072 2328 adeo

287 2363 592 2439 trepidam,
622 2368 694 2420 ut
733 2362 1127 2421 tabernaculis
1160 2365 1457 2422 stantibus
1492 2368 1680 2421 castra
1705 2363 2069 2442 reliquerint,

285 2477 518 2535 quoque
570 2458 710 2534 fuga
761 2459 1060 2517 obscurior
1112 2466 1279 2532 esset,
1337 2453 1566 2518 crebros
1612 2461 1792 2519 etiam
1838 2461 2071 2521 relictos

285 2556 466 2631 ignes.
551 2555 787 2612 Clamor
815 2554 953 2613 inde
993 2560 1172 2627 ortus,
1210 2560 1280 2612 ut
1319 2555 1485 2632 signa
1518 2556 1766 2633 proferri
1799 2557 2073 2616 iuberent
2099 2588 2121 2625 3

286 2654 678 2729 ducerentque
708 2651 785 2708 ad
816 2651 1242 2727 persequendos
1266 2650 1462 2709 hostes
1493 2672 1560 2711 ac
1586 2654 1856 2730 protinus
1882 2662 2074 2716 castra

285 2748 625 2826 diripienda.
711 2747 795 2805 Et
840 2747 1041 2804 consul
1084 2747 1237 2805 alter
1275 2748 1441 2807 velut
1480 2770 1635 2810 unus
1674 2790 1761 2830 into
1798 2792 1929 2832 „mm
1973 2792 2072 2841 they

283 2847 471 2904 turbae
509 2844 784 2903 militaris
836 2847 999 2917 eram
1064 2843 1286 2903 Paulus
1325 2847 1504 2905 etiam
1545 2853 1631 2905 at-
1671 2838 1816 2924 ξῗζῗζ
1827 2838 2075 2930 ἕξιξῗοξξὶῇ
2097 2882 2120 2918 4

285 2963 398 3019 que
423 2945 602 3002 etiam
630 2944 820 3001 dicere
845 2941 1273 3018 providendum
1310 2963 1633 3021 praecaven-
1671 2929 1842 2970 P⁸¹¹¹¹¹²

285 3043 538 3117 dumque
565 3061 687 3099 esse
706 3059 725 3113 3
765 3045 1071 3116 postremO,
1103 3058 1286 3117 quum
1313 3041 1487 3099 aliter
1511 3061 1700 3119 neque
1726 3041 2071 3101 seditionem

282 3155 471 3213 neque
512 3138 718 3195 ducem
759 3135 1060 3195 seditionis
1097 3138 1385 3196 sustinere
1410 3145 1621 3215 posset,
1654 3137 1916 3196 Marium
1943 3138 2071 3197 Sta-

283 3232 481 3291 tilium
544 3235 881 3310 praefectum
943 3253 1078 3292 cum
1130 3239 1333 3292 turma
1397 3233 1637 3292 Lucana
1702 3234 2067 3312 exploratum

280 3329 484 3388 mittit.
571 3331 691 3399 Qui
731 3331 836 3389 ubi
874 3330 1244 3408 adequitavit
1282 3330 1483 3408 portis,
1535 3331 1848 3390 subsistere
1901 3337 2068 3391 extra
2093 3360 2117 3400 5

280 3426 648 3485 munimenta
679 3427 888 3485 ceteris
925 3427 1118 3500 iussis,
1162 3427 1289 3505 ipse
1329 3446 1465 3485 cum
1504 3428 1732 3488 duobus
1748 3429 2064 3511 ..equitibus

788 3687 825 3714 Ὦ
