2375 3842
340 248 420 308 80
974 300 977 307 ,
1118 245 1215 304 LI
1222 244 1347 306 VII
1372 286 1376 290 -

288 428 314 469 ⁷
341 416 637 476 capessere
674 397 875 474 fugam
906 396 1243 473 impulerit3
1284 415 1413 472 quoe
1449 395 1553 453 ubi
1584 395 1869 454 immensa
1901 394 1969 454 ac
2004 395 2133 454 sine

341 515 445 573 spe
470 499 614 567 erat,
638 500 751 552 aut
775 493 1178 551 deficientibus
1205 492 1417 550 animis
1443 484 1869 550 hauriebantur
1886 490 2136 569 gurgiti·

339 593 452 650 bus
477 597 582 649 aut
615 590 1004 667 nequicquam
1036 589 1175 648 fessi
1200 589 1353 647 vada
1385 581 1544 646 retro
1577 588 1876 665 aegerrime
1910 596 2134 666 repete-

339 689 504 760 bant,
533 694 711 763 atque
747 687 834 744 ibi
867 687 943 744 ab
978 686 1256 762 ingressis
1287 705 1496 762 aquam
1537 685 1796 743 hostium
1831 687 2134 763 equitibus

233 833 240 839 .
290 802 316 843 8
341 785 561 863 passim
587 784 1046 843 trucidabantur.
1094 784 1215 842 Sex
1239 783 1428 840 millia
1445 783 1629 841 ferme
1654 783 1835 860 primi
1859 783 2129 860 8311111113,

340 900 449 959 per
488 882 764 939 adversos
809 881 1006 938 hostes
1058 880 1366 957 eruptione
1418 880 1666 957 impigre
1717 881 1891 951 facta,
1938 880 2136 957 ignari

338 978 623 1050 omnium,
666 996 797 1055 quse
836 983 970 1054 post
1009 996 1070 1035 se
1109 983 1435 1053 agerentur,
1471 996 1547 1034 ex
1585 977 1744 1034 saltu
1782 996 2032 1049 evasere,
2071 983 2137 1036 et

338 1096 527 1154 quum
552 1075 619 1133 in
645 1074 877 1132 tumulo
904 1074 1157 1150 quodam
1183 1074 1601 1146 constitissent,
1622 1075 1934 1132 clamorem
1960 1074 2136 1132 modo

341 1192 410 1231 ac
431 1191 645 1230 sonum
664 1189 959 1229 armorum
975 1171 1296 1244 audientes,
1316 1190 1448 1247 quae
1469 1171 1707 1228 fortuna
1730 1190 1941 1247 pugnae
1960 1176 2134 1245 esset,

291 1293 320 1333 9
342 1287 533 1346 neque
559 1267 706 1326 scire
737 1286 846 1324 nec
875 1266 1201 1343 perspicere
1235 1286 1356 1343 prae
1393 1265 1637 1342 caligine
1662 1272 1950 1344 poterant.
2036 1265 2137 1324 In-

340 1365 563 1424 clinata
608 1362 860 1439 denique
912 1382 995 1435 re,
1044 1381 1232 1438 quum
1283 1363 1666 1420 incalescente
1711 1364 1832 1421 sole
1874 1363 2138 1440 dispulsa.

340 1461 561 1520 nebula
595 1460 922 1536 aperuisset
957 1459 1129 1531 diem,
1159 1465 1293 1516 tum
1330 1460 1554 1537 liquida
1586 1460 1704 1517 iam
1741 1461 1871 1519 luce
1896 1468 2137 1520 montes

342 1558 650 1635 campique
676 1557 936 1633 perditas
970 1574 1065 1613 res
1101 1561 1462 1633 stratamque
1496 1556 1800 1616 ostendere
1835 1558 1985 1617 foede
2020 1559 2139 1616 Ro-

268 1679 321 1707 10
342 1671 580 1711 manam
603 1652 804 1711 aciem.
889 1651 1105 1728 Itaque
1130 1671 1208 1709 ne
1231 1651 1298 1708 in
1335 1659 1667 1729 conspectos
1693 1653 1894 1728 procul
1918 1653 2139 1711 immit-

343 1754 572 1808 teretur
605 1766 797 1824 eques,
827 1747 1079 1815 sublatis'
1104 1747 1322 1824 raptim
1358 1748 1555 1825 signis,
1583 1767 1758 1825 quam
1795 1749 2140 1808 citatissimo

271 1865 318 1893 11
344 1850 621 1924 poterant
645 1845 894 1921 agmine,
923 1863 1047 1902 sese
1073 1844 1472 1921 abripuerunt.
1537 1844 1781 1902 Postero
1808 1845 1924 1917 die,
1952 1865 2138 1922 quum

345 1961 524 2018 super
543 1947 737 1999 cetera
762 1947 1028 1998 extrema
1053 1941 1236 2000 fames
1262 1941 1441 1999 etiam
1464 1942 1730 2015 instaret,
1757 1939 1933 1999 fidem
1959 1943 2140 2001 dante

346 2037 711 2109 Maharbale,
739 2038 844 2112 qui
879 2056 1014 2094 cum
1050 2036 1320 2095 omnibus
1351 2036 1714 2113 equestribus
1750 2038 1932 2114 copiis
1967 2044 2141 2097 nocte

273 2156 323 2186 ιο
347 2139 694 2194 consecutus
738 2137 881 2205 erat,
923 2132 975 2190 si
1013 2152 1177 2190 arma
1214 2132 1611 2205 tradidissent,
1647 2133 1809 2191 abire
1847 2152 1985 2191 cum
2024 2134 2142 2191 sin-

346 2229 502 2308 gulis
527 2227 897 2288 vestimentis
935 2235 1260 2304 passurum,
1289 2246 1410 2285 sese
1446 2227 1834 2302 dediderunt3
1867 2247 1999 2304 quse
2025 2228 2144 2286 Pu-

345 2326 482 2384 nica
519 2325 800 2402 religione
826 2331 1059 2384 servata
1083 2325 1229 2384 fides
1255 2325 1331 2382 ab
1358 2324 1699 2383 Hannibale
1734 2333 1841 2400 est,
1869 2331 2049 2403 atque
2074 2325 2156 2384 in‘

345 2425 586 2484 vincula
609 2445 810 2485 omnes
836 2425 1098 2485 coniecti.

284 2525 322 2585 7
470 2522 618 2580 Haec
644 2529 736 2580 est
760 2523 974 2581 nobilis
993 2523 1069 2580 ad
1087 2522 1551 2580 Tmsumennum
1570 2541 1768 2599 pugna
1786 2529 1965 2599 atque
1981 2523 2148 2581 inter

347 2635 563 2693 paucas
602 2625 923 2677 memorata
957 2618 1165 2695 populi
1205 2616 1464 2675 Romani
1502 2616 1707 2676 clades.
1793 2617 2149 2687 Quindecim

348 2712 540 2770 millia
570 2714 973 2773 Romanorum
1010 2714 1077 2770 in
1115 2712 1240 2771 acie
1275 2731 1458 2785 caesa3
1498 2712 1694 2770 decem
1730 2713 1919 2771 millia
1944 2731 2150 2790 sparsa

349 2809 492 2885 fuga
532 2829 637 2886 per
682 2829 915 2868 omnem
958 2808 1264 2867 Etruriam
1306 2807 1552 2866 diversis
1590 2808 1902 2866 itineribus
1935 2810 2151 2867 urbem

301 2939 327 2979 3
349 2905 609 2983 petiere3
648 2905 767 2963 duo
805 2905 994 2963 millia
1033 2903 1347 2980 quingenti
1384 2903 1643 2961 hostium
1677 2905 1745 2961 in
1781 2905 1925 2977 acie,
1967 2905 2155 2964 multi

349 3009 555 3082 postea
600 2999 927 3083 [utrinque]
977 3020 1055 3059 ex
1102 3000 1444 3058 vulneribus
1484 2999 1721 3076 periere.
1821 3001 2157 3079 Multiplex

351 3100 535 3159 caedes
560 3099 841 3175 utrinque
866 3100 1026 3157 facta
1050 3096 1310 3153 traditur
1334 3096 1409 3153 ab
1424 3095 1592 3169 aliis,
1576 3115 1590 3129 ·
1628 3114 1732 3171 ego
1758 3102 2157 3172 praeterquam

301 3231 329 3270 4
353 3196 511 3272 quod
535 3195 690 3253 nihil
715 3202 955 3254 auctum
992 3211 1073 3251 ex
1098 3211 1252 3249 vano
1278 3190 1473 3262 velim,
1502 3209 1619 3266 quo
1653 3192 1832 3249 nimis
1857 3192 2159 3253 inclinant

352 3293 537 3351 ferme
577 3291 959 3350 scribentium
1002 3287 1207 3360 animi,
1250 3286 1516 3358 Fabium,
1557 3287 1839 3362 aequalem
1877 3291 2160 3366 tempori·-

303 3415 331 3456 s
354 3390 467 3449 bus
493 3388 736 3448 huiusce
761 3389 917 3465 belli,
946 3383 1324 3467 potissimum
1352 3388 1648 3441 auctorem
1672 3383 1869 3444 habui.
1914 3384 2161 3445 Hanni-
