2375 3842
909 228 1169 289 LIBER
1218 226 1405 289 XXI.
1973 231 2044 288 17

260 375 1483 453 vdutdiamsdpormshostiseesmut
1516 380 1609 436 tot
1641 382 2047 454 unctempoee

257 474 517 535 motibus
540 473 727 535 animi
761 473 987 533 turbati
1017 473 1384 550 trepidarent
1413 473 1600 551 magis
1633 493 1814 552 quam
1845 493 2046 533 oonsu-

258 571 476 633 lerent:
518 589 657 628 nam
696 589 887 646 neque
925 570 1153 629 hostem
1194 571 1474 631 acriorem
1513 571 2050 648 bellicon‘oremque'
2072 592 2096 630 3

261 683 457 729 secum
495 682 882 740 congressum,
924 683 1033 723 nec
1072 684 1199 723 rem
1246 664 1578 725 Romanam
1623 671 1749 723 tam
1790 665 2047 725 desidem

260 780 523 838 unquam
548 760 727 823 fuisse
760 766 939 837 atque
978 760 1288 825 imbellem.
1375 760 1587 821 Sardos
1628 760 1949 838 Corsosque
1987 770 2050 821 et
2071 779 2096 815 ⁴

262 857 504 915 Histros
529 863 706 933 atque
733 856 974 933 Illyrios
998 857 1292 915 lacessisse
1318 856 1504 933 magis
1529 876 1707 934 quam
1726 859 2049 918 exercuisse

260 954 547 1017 Romana
584 973 759 1026 arma,
815 959 878 1012 et
929 972 1064 1015 cum
1109 953 1298 1015 Gallis
1363 955 1795 1015 tumultuatum
1856 954 2048 1014 verius

262 1070 441 1127 quam
466 1049 874 1126 belligeratum
886 1070 906 1125 3
946 1051 1196 1109 Poenum
1223 1050 1454 1109 hostem
1478 1057 1842 1122 veteranum,
1862 1051 2046 1109 trium
2074 1071 2097 1108 s

263 1156 325 1206 et
365 1147 581 1224 viginti
619 1167 909 1205 annorum
947 1147 1165 1205 militia
1205 1147 1513 1207 durissima
1550 1148 1712 1207 iuter
1748 1147 2048 1224 Hispanas

261 1250 466 1320 gentes
507 1264 733 1320 semper
766 1245 1065 1316 victorem,
1108 1244 1247 1302 duci
1285 1244 1565 1303 acerrimo
1603 1249 1918 1317 assuetum,
1961 1263 2047 1302 re-

266 1347 495 1399 centem
521 1342 596 1398 ab
618 1341 842 1399 excidio
869 1341 1323 1416 opulentissimae
1344 1341 1521 1413 urbis,
1547 1340 1842 1399 Hiberum
1863 1350 2050 1399 trans·

268 1439 357 1495 ire
369 1457 388 1509 3
429 1438 661 1497 trahere
700 1456 897 1495 secum
937 1443 1027 1495 tot
1065 1439 1287 1501 excitos
1328 1437 1734 1514 Hispanorum
1771 1437 2016 1515 populos
2027 1458 2046 1511 3

268 1533 637 1592 conciturum
669 1533 870 1592 avidas
916 1552 1143 1610 semper
1186 1554 1482 1593 armorum
1528 1534 1781 1593 Gallicas
1819 1544 2021 1611 gentes
2030 1555 2048 1608 5
2074 1564 2099 1604 ⁶

266 1650 400 1688 cum
426 1631 566 1688 orbe
591 1636 880 1688 terrarum
907 1630 1126 1689 bellum
1150 1633 1475 1707 gerendum
1511 1632 1576 1691 iu
1618 1631 1799 1691 Italia
1835 1652 1904 1691 ac
1943 1651 2050 1709 pro

265 1729 554 1788 moenibus
583 1727 864 1787 Romanis
891 1749 1030 1787 esse.
1170 1718 1306 1825 09¹0
1349 1721 1588 1799 [xlm-sn.

387 1825 451 1884 N
452 1824 724 1885 ominatae
763 1827 884 1884 iam
921 1832 1098 1884 antea
1131 1827 1467 1885 consulibus
1505 1826 1818 1905 provinciae
1846 1834 2044 1885 eraut·
2025 1868 2045 1901 ,
2078 1837 2150 1896 17

268 1930 397 1980 tum
411 1922 643 1983 sortiri
625 1922 785 1981 iussi.
832 1922 1103 1985 Cornelio
1129 1923 1435 1999 Hispania,
1456 1924 1613 1982 Sem·
1652 1947 1889 1988 uvion-nd
1907 1958 2049 2034 ”effi

268 2017 471 2095 pronio
497 2018 705 2075 Africa
729 2037 863 2075 cum
891 2018 1090 2076 Sicilia
1115 2021 1331 2078 evenit.
1416 2020 1568 2078 Sex
1550 2040 1616 2079 in
1652 1995 1761 2080 5⁸3?
1763 2005 1812 2037 ¹¹⁸
1863 1994 1904 2033 ‘⁰
1879 2004 1927 2037 ⁰⁸

269 2134 403 2172 eum
428 2133 651 2171 annum
678 2115 922 2173 decreta)
950 2115 1207 2190 legiones
1232 2122 1296 2173 et
1329 2117 1564 2187 socium,
1594 2127 1884 2195 quantum
1907 2120 2051 2198 ipsis

268 2211 584 2282 videretur,
615 2217 676 2268 et
715 2211 927 2281 classis,
970 2219 1194 2287 quanta
1229 2213 1425 2289 parari
1463 2223 1672 2289 posset.
1758 2216 2053 2286 Quattuor
2078 2245 2101 2282 3
2159 2268 2178 2289 ae

271 2314 333 2364 et
356 2307 571 2383 viginti
595 2308 858 2383 peditum
886 2308 1290 2369 Romanorum
1323 2310 1512 2368 millia
1544 2313 1762 2388 scripta
1795 2320 1857 2371 et
1889 2314 2052 2372 mille
2123 2344 2138 2379 ι
2181 2318 2224 2379 ‘:.

269 2403 591 2479 octingenti
640 2406 881 2479 equites,
920 2407 1208 2464 sociorum
1247 2407 1637 2482 quadraginta
1675 2410 1860 2469 millia
1895 2411 2051 2487 pedi-

269 2508 417 2572 tum,
463 2505 742 2574 quattuor
782 2502 969 2559 millia
1011 2508 1074 2560 et
1107 2504 1526 2580 quadringenti
1563 2507 1792 2581 equites
1800 2527 1819 2580 3
1862 2527 2044 2565 naves

271 2599 536 2659 ducentae
592 2597 807 2672 viginti
879 2599 1348 2676 quinqueremes,
1412 2601 1629 2660 celoces
1692 2605 1911 2680 viginti
1957 2606 2051 2663 de-

272 2695 449 2752 ducti.
554 2693 774 2751 Latum
837 2696 972 2753 inde
1043 2698 1119 2754 ad
1170 2699 1470 2774 populum,
1512 2701 1735 2760 vellent
1780 2702 2050 2761 iuberent
2077 2731 2101 2767 ⁴

269 2790 482 2866 populo
538 2790 1010 2865 Carthaginiensi
1064 2794 1281 2852 bellum
1340 2797 1520 2854 indici
1544 2817 1562 2870 3
1618 2799 1862 2876 eiusque
1914 2800 2050 2857 belli

270 2905 443 2945 causa
468 2887 815 2964 supplicatio
841 2907 945 2963 per
977 2891 1185 2949 urbem
1223 2891 1430 2952 habita
1467 2900 1644 2969 atque
1683 2896 1911 2954 adorati
1949 2896 2047 2968 dii,

268 2990 341 3042 ut
385 2984 534 3043 bene
577 3004 646 3042 ac
697 2985 946 3043 feliciter
998 2989 1276 3060 eveniret,
1321 2991 1479 3065 quod
1533 2991 1750 3049 bellum
1804 2993 2054 3069 populus

269 3080 571 3139 Romanus
602 3081 880 3140 iussisset.
896 3082 1138 3175 XInter
1175 3086 1439 3145 consules
1479 3088 1566 3144 ita
1604 3088 1783 3163 copiae
1823 3089 2051 3149 divisae:
2078 3116 2101 3154 ε

269 3176 611 3254 Sempronio
638 3178 788 3239 datae
813 3179 1067 3255 legiones
1095 3181 1225 3238 duae
1247 3181 1339 3259 (ea
1364 3189 1649 3257 quaterna
1672 3183 1861 3242 millia
1881 3192 2055 3243 erant

270 3272 531 3348 peditum
570 3282 634 3333 et
671 3275 894 3333 treceni
919 3277 1163 3353 equites)
1191 3286 1255 3334 et
1282 3279 1567 3341 sociorum
1593 3279 1841 3339 sedecim
1866 3281 2054 3341 millia
2175 3260 2186 3271 ¹

270 3368 548 3446 peditum,
578 3372 802 3448 equites
829 3372 988 3429 mille
1019 3373 1373 3453 octingenti3
1415 3394 1594 3433 naves
1613 3376 1798 3451 longae
1817 3384 2053 3443 centum
2095 3422 2101 3433 .

442 3500 583 3551 0.L.
1845 3492 1884 3552 2
