2375 3842
346 236 422 296 48
1124 235 1218 293 LI
1223 234 1350 294 VII

293 416 318 455 ³
348 374 662 445 Inferimus
707 386 927 444 bellum
974 384 1316 459 infestisque
1368 382 1548 458 signis
1602 382 2005 441 descendimus
2056 381 2120 439 in

347 483 602 557 Italiam,
656 489 827 541 tanto
877 480 1152 539 audacius
1197 479 1521 555 fortiusque
1572 477 1891 555 pugnaturi
1944 497 2119 554 quam

778 576 979 650 hostis,
1010 581 1232 652 quanto
1268 574 1455 632 maior
1483 593 1631 651 spe8‚
1657 574 1845 632 maior
1872 581 1966 632 est
1995 575 2118 633 ani-

293 709 319 745 ⁴
343 641 509 773 353¹?
498 644 695 735 1122ssssss
695 651 744 725 ἷῗ
778 693 910 732 mus
945 673 1252 731 inferentis
1280 672 1405 730 vim
1443 682 1619 748 quam
1646 671 1912 730 arcentis.
2004 670 2119 728 Ac-

336 738 362 774 τ
390 746 450 791 ⁶¹¹5
464 739 556 784 ΡΜ
570 745 738 781 πῶμ’
779 771 976 829 cendit
999 775 1281 848 praeterea
1306 775 1368 827 et
1392 768 1660 826 stimulat
1685 767 1910 825 animos
1934 768 2115 840 dolor,

341 868 574 941 iniuria,
613 869 947 945 indignitas,
1031 867 1136 925 Ad
1162 866 1511 944 supplicium
1538 866 1998 942 depoposcerunt
2021 884 2117 924 me

341 966 548 1023 ducem
582 966 853 1042 primum,
892 964 1099 1022 deinde
1129 982 1236 1021 vos
1272 981 1487 1034 omnes,
1527 961 1630 1038 qui
1668 961 1994 1037 Saguntum
2020 980 2116 1038 op-

341 1062 742 1138 pugnassetis3
781 1064 1005 1121 deditos
1042 1062 1272 1120 ultimis
1307 1060 1661 1119 cruciatibus
1696 1057 1963 1117 affecturi
1997 1060 2115 1117 fue-

293 1185 317 1222 5
337 1164 496 1217 runt.
584 1157 993 1216 crudelissima
1031 1178 1099 1216 ae
1144 1157 1554 1234 superbissima
1593 1174 1733 1232 gens
1773 1175 1879 1214 sua
1919 1156 2116 1214 omnia

341 1252 546 1329 suique
571 1254 802 1312 arbitrii
837 1254 1015 1327 facit;
1056 1272 1189 1310 cum
1231 1251 1443 1328 quibus
1478 1248 1715 1322 bellum,
1737 1269 1868 1307 cum
1902 1250 2113 1325 quibus

339 1367 539 1425 pacem
578 1348 910 1421 habeamus,
941 1370 1003 1408 se
1041 1349 1280 1407 modum
1317 1348 1614 1425 imponere
1640 1366 1870 1423 aequum
1898 1352 2107 1406 censet.

248 1447 255 1452 ’
341 1443 778 1502 Circumscribit
803 1444 1164 1520 includitque
1185 1464 1291 1502 nos
1317 1444 1586 1502 terminis
1610 1444 1899 1501 montium
1924 1443 2113 1501 flumi-

339 1558 615 1615 numque,
645 1559 790 1615 quos
815 1559 937 1598 non
961 1541 1322 1612 excedamuS,
1351 1559 1540 1615 neque
1565 1558 1681 1612 eos,
1710 1559 1856 1616 quos
1883 1540 2110 1611 statuit,

291 1655 317 1693 6
340 1639 622 1697 terminos
663 1639 949 1696 observat.
1035 1637 1133 1694 Ne
1167 1637 1470 1694 transieris
1497 1636 1792 1694 Hiberum
1812 1656 1830 1709 ;
1868 1654 1944 1693 ne
1970 1636 2113 1712 quid

344 1735 427 1793 rei
452 1734 565 1793 tibi
597 1734 675 1791 sit
715 1753 845 1791 cum
885 1732 1242 1808 Saguntinis.
1326 1731 1419 1789 At
1452 1752 1572 1790 non
1597 1733 1681 1789 ad
1702 1733 1997 1790 Hiberum
2024 1739 2113 1789 est

290 1855 314 1891 7
343 1833 682 1908 Saguntum.
766 1830 1077 1905 Nusquam
1122 1835 1187 1885 te
1216 1827 1465 1903 vestigio
1510 1826 1776 1884 moveris.
1888 1826 2110 1884 Parum

340 1934 445 2001 cst,
495 1927 653 2003 quod
695 1923 1038 1983 veterrimas
1096 1922 1430 1998 provincias
1480 1941 1655 1992 meaS,
1724 1921 1983 1979 Siciliam
2044 1941 2112 1979 ae

340 2023 686 2093 Sardiniam,
735 2018 989 2078 adimis?
1051 2018 1251 2075 Etiam
1287 2017 1357 2074 in
1393 2017 1716 2092 Hispanias
1755 2023 1832 2089 et,
1867 2017 1921 2075 εἰ
1953 2018 2111 2075 inde-

337 2134 575 2187 cessem,
605 2114 672 2171 in
690 2113 957 2172 Africam
977 2111 1393 2170 transcendes?
1463 2111 1849 2170 Transcendes
1868 2118 2065 2171 autem
2085 2116 2107 2172 ‘l

339 2209 780 2268 Transcendisse
816 2208 959 2269 dico.
1045 2207 1213 2265 Duos
1248 2207 1511 2265 consules
1536 2207 1713 2264 huius
1739 2208 1895 2281 anni,
1924 2228 2111 2265 unum

338 2308 405 2366 in
435 2306 723 2380 Africam,
760 2306 1010 2365 alterum
1053 2306 1119 2364 in
1159 2305 1512 2382 Hispaniam
1555 2305 1854 2365 misenmt.
1937 2306 2110 2364 Nihil

339 2423 585 2480 usquam
625 2404 794 2463 nobis
833 2404 1103 2461 relictum
1134 2400 1245 2474 est,
1284 2402 1401 2460 nisi
1443 2402 1599 2478 quod
1641 2401 1819 2459 armis
1857 2401 2111 2460 vindica-

290 2516 314 2555 s
337 2500 532 2558 rimus.
622 2500 754 2558 Illis
789 2499 1011 2558 timidis
1047 2506 1109 2558 et
1137 2498 1367 2575 ignavis
1405 2517 1526 2556 esse
1565 2498 1720 2572 licet,
1758 2498 1862 2575 qui
1895 2515 2111 2572 respec-

338 2602 468 2654 tum
513 2597 592 2654 ha
661 2603 749 2669 nt,
800 2616 943 2673 quos
990 2616 1097 2654 sua
1139 2603 1314 2670 terra,
1361 2615 1502 2654 suus
1548 2616 1687 2673 ager
1726 2616 1833 2673 per
1865 2599 1997 2651 tuta
2042 2612 2109 2649 ac

340 2695 545 2766 pacata
587 2691 802 2748 itinera
840 2691 1128 2766 fugientes
1167 2691 1489 2768 accipient:
1545 2692 1712 2749 vobis
1751 2707 1982 2747 necesse
2020 2697 2110 2745 est

341 2785 589 2844 fortibus
624 2787 767 2845 viris
813 2805 937 2844 esse
976 2795 1054 2859 et,
1104 2789 1372 2845 omnibus
1417 2787 1576 2845 inter
1615 2786 1918 2844 victoriam
1963 2804 2111 2842 mor-

341 2889 535 2941 temve
570 2890 729 2942 certa
765 2884 1166 2961 desperatione
1205 2886 1487 2962 abruptis,
1517 2890 1622 2942 aut
1645 2885 1879 2941 vincere
1910 2889 2029 2956 aut,
2059 2883 2110 2940 si

340 2982 576 3039 fortuna
610 2980 921 3052 dubitabit,
959 2982 1023 3037 in
1058 2981 1262 3057 proelio
1286 2982 1483 3057 potius
1509 2999 1683 3056 quam
1708 2980 1775 3036 in
1799 2978 1939 3055 fuga
1962 2997 2111 3036 mor-

292 3105 320 3146 9
340 3082 463 3135 tem
504 3083 792 3154 oppetere.
872 3077 938 3136 Si
975 3077 1085 3135 hoc
1126 3077 1276 3134 bene
1311 3079 1498 3134 fixum
1536 3075 1804 3133 omnibus
1843 3072 2112 3155 [destina-

341 3173 493 3257 tum]
543 3177 609 3234 in
654 3177 848 3234 animo
892 3181 996 3247 est,
1044 3174 1262 3233 iterum
1308 3175 1515 3246 dicam,
1569 3173 1829 3248 vicistis3
1880 3172 2129 3231 nullum¹

344 3277 682 3349 contemptu
716 3272 919 3330 mortis
959 3270 1134 3329 tolum
1164 3271 1239 3328 ad
1278 3269 1632 3328 vincendum
1668 3267 1895 3327 homini
1919 3269 1994 3326 ab
2020 3268 2111 3325 dis

342 3366 766 3426 immortalibus
792 3367 981 3426 acrius
1005 3367 1209 3426 datum
1235 3365 1375 3425 est-’'
