2375 3842
799 250 803 255 '
923 236 1183 298 LIBER
1233 237 1415 300 XXI.
1975 236 2052 298 33

272 386 401 463 ripa
447 380 723 444 Rhodani
772 386 1200 445 mediterranea
1248 385 1455 444 Ganiae
1507 387 1675 464 petit,
1732 404 1854 445 non
1914 386 2055 464 quia

271 482 485 542 rectior
509 483 586 544 ad
603 482 789 560 Alpes
809 483 906 541 via
932 489 1100 557 esset,
1123 483 1242 556 sed,
1265 489 1552 560 quantum
1577 502 1615 540 a
1652 528 1735 567 und
1772 528 1958 569 marcho·
1993 540 2052 578 up

269 578 420 636 mari
460 578 806 651 recessisset,
834 577 1030 635 minus
1075 577 1318 636 obvium
1344 578 1470 636 fore
1500 577 1616 637 Ro-
1654 574 2052 667 mg&

268 693 508 732 manum
544 673 798 745 credens,
835 693 967 730 oum
1007 692 1140 750 quo,
1169 674 1509 750 priusquam
1547 674 1614 733 in
1652 666 1772 750 330⁰·
1781 667 2052 760 ,Ψιξοᾶ
2077 698 2098 733 J

268 768 510 827 Italiam
535 776 784 828 ventum
810 770 982 845 foret,
1007 789 1123 827 non
1167 777 1296 829 erat
1330 771 1396 829 in
1421 770 1616 830 animo
1655 757 1726 797 ‘¹¹’
1740 758 1996 807 *mm

266 884 475 925 manus
500 885 812 925 conserere.
881 867 1121 937 Quartis
1140 868 1345 926 castris
1370 867 1445 925 ad
1467 867 1733 926 Insulam
1759 868 2041 946 pervenit
2074 892 2094 925 ⁴

268 962 367 1020 Ibi
391 962 559 1021 Isara
589 962 1035 1039 Rhodanusque
1068 981 1269 1022 amnes
1299 962 1545 1022 diversis
1570 982 1647 1022 ex
1670 964 1930 1041 Alpibus
1956 966 2049 1025 de-

266 1064 581 1131 currentes,
604 1059 730 1136 agri
750 1060 1118 1138 aliquantum
1138 1060 1396 1137 amplexi
1416 1060 1719 1118 confluunt
1743 1061 1808 1118 in
1835 1080 2048 1134 unum;

265 1155 474 1214 mediis
498 1156 717 1232 campis
739 1156 960 1214 Insulae
986 1175 1202 1215 nomen
1226 1157 1501 1218 inditum.
1563 1157 1843 1215 Incolunt
1868 1176 2048 1235 prope
2073 1181 2096 1217 s

263 1251 626 1329 Allobroges,
655 1272 798 1329 gens
832 1253 952 1311 iam
985 1255 1123 1312 inde
1156 1254 1326 1312 nulla
1367 1252 1594 1312 Gallica
1628 1260 1803 1331 gente
1840 1254 2046 1332 opibus

262 1359 368 1405 aut
392 1349 550 1406 sama
572 1349 829 1408 inferior.
887 1349 1039 1408 Tum
1064 1350 1284 1408 discors
1309 1356 1449 1410 erat
1510 1350 1704 1427 Regni
1730 1352 2046 1409 certamine
2068 1364 2093 1401 ⁶

262 1443 635 1520 ambigebant
683 1445 928 1520 fratres3
966 1448 1154 1505 maior
1198 1453 1262 1505 et
1305 1447 1412 1524 qui
1451 1447 1616 1524 prius
1661 1448 2042 1524 imperitaret,

262 1539 526 1598 Braneus
563 1541 814 1616 nomine,
850 1543 1076 1601 minore
1115 1544 1190 1601 ab
1226 1544 1409 1602 fratre
1449 1549 1510 1602 et
1540 1551 1694 1602 eoetu
1728 1543 2042 1617 iuniorum,

261 1636 367 1713 qui
405 1637 535 1696 iure
576 1638 773 1697 minus
816 1640 881 1699 vi
921 1641 1056 1718 plus
1102 1647 1348 1718 poterat,
1397 1618 1738 1718 pellebatur.
1815 1615 2042 1700 “J-iuius
2067 1667 2091 1705 7

259 1734 560 1793 seditionis
601 1744 1037 1814 peropportuna
1080 1738 1425 1816 disceptatio
1469 1758 1653 1817 quum
1696 1738 1773 1796 ad
1812 1737 2044 1797 Hanni-

258 1831 446 1889 balem
472 1833 686 1892 reiecta
711 1840 875 1908 esset,
907 1835 1125 1893 arbiter
1148 1836 1316 1913 regni
1349 1836 1556 1909 factus,
1586 1835 1743 1912 quod
1778 1853 1847 1893 ea
1882 1854 2042 1893 sena-

258 1931 357 1985 tus
401 1929 846 2006 principumque
893 1934 1183 1991 sententia
1225 1935 1432 2006 fuerat,
1476 1934 1789 2011 imperium
1832 1932 2039 1991 maiori

256 2025 534 2086 restituit.
619 2027 712 2085 Ob
749 2027 813 2084 id
845 2030 1123 2087 meritum
1162 2037 1489 2089 commeatu
1529 2031 1805 2108 copiaque
1842 2048 2037 2088 rerum
2064 2051 2087 2090 s

255 2121 534 2195 omnium,
578 2125 834 2182 maxime
876 2126 1075 2198 vestis,
1127 2133 1220 2184 est
1266 2128 1519 2198 adiutus,
1570 2146 1748 2202 quam
1792 2125 2037 2184 infames

254 2216 569 2292 frigoribus
584 2219 774 2295 A1p00
794 2223 1107 2298 praeparari
1127 2224 1424 2298 cogebant.
1488 2223 1715 2280 Sedaffis
1731 2198 2036 2280 Haiffffi'al
2060 2250 2085 2288 ⁹

254 2313 672 2373 certaminibus
720 2316 1110 2395 Allobrogum
1163 2339 1348 2395 quum
1390 2318 1511 2375 iam
1556 2318 1743 2394 Alpes
1793 2325 2033 2394 peteret,
2111 2360 2132 2409 ‚³

252 2427 373 2467 non
408 2417 568 2468 recta
601 2414 835 2489 regione
869 2416 986 2472 iter
1019 2415 1301 2500 instituit,
1331 2415 1432 2472 sed
1467 2414 1542 2471 ad
1577 2414 1781 2490 laeyam
1812 2415 1879 2472 in
1913 2415 2038 2474 Tri·
2119 2436 2128 2443 ·

253 2505 503 2564 castinos
529 2508 696 2566 flexit
715 2530 733 2582 3
774 2510 913 2569 inde
938 2530 1045 2588 per
1070 2518 1392 2570 extremam
1424 2530 1584 2569 oram
1611 2510 2035 2572 Vocontiorum

251 2602 379 2679 agri
403 2604 598 2662 tendit
622 2605 689 2663 in
706 2605 1009 2680 Tricorios,
1030 2607 1190 2665 haud
1216 2627 1463 2685 usquam
1489 2608 1598 2666 im·
1637 2627 1705 2667 no
1727 2629 1825 2668 then
1847 2631 1966 2670 turns
1988 2633 2033 2670 to

252 2699 452 2775 pedita
485 2701 601 2773 via,
634 2701 976 2779 priusquam
1010 2704 1086 2761 ad
1114 2704 1465 2762 Druentiam
1492 2705 1597 2764 flu·
1635 2675 2034 2763 i'ffeffr‘imiiomffl

251 2812 387 2853 men
425 2798 709 2872 pervenit.
793 2798 859 2856 Is
885 2805 947 2856 et
971 2799 1096 2875 ipse
1124 2800 1381 2877 Alpinus
1405 2802 1594 2860 amnis
1633 2767 1722 2853 322.
1738 2767 1845 2807 “m
1872 2768 2032 2808 Dm*

251 2890 421 2969 longe
460 2895 726 2952 omnium
767 2894 975 2953 Ganiae
1011 2897 1323 2956 fluminum
1363 2899 1735 2959 difficiuimus
1775 2901 2032 2960 mnam

250 2995 370 3061 est3
411 3009 569 3064 nam,
590 3011 773 3069 quum
799 3012 964 3070 aquae
990 2993 1114 3051 vim
1140 2995 1321 3073 νεῴ-μή
1346 2996 1659 3071 ingentem,
1688 3016 1809 3055 non
1832 3004 2030 3057 tamen

251 3085 494 3144 navium
518 3090 750 3164 patiens
777 3096 883 3164 est,
902 3090 1043 3166 quia
1067 3092 1249 3149 nullis
1275 3093 1557 3150 coercitus
1581 3092 1741 3169 ripis,
1763 3094 2030 3170 pluribus
2057 3114 2112 3149 ιι·

251 3181 427 3240 simul
470 3203 662 3261 neque
706 3187 913 3245 iisdem
959 3188 1142 3267 abeis
1178 3188 1381 3260 fiuenS,
1421 3207 1578 3246 nova
1618 3209 1844 3267 semper
1880 3192 2029 3250 vada
2085 3194 2142 3247 ξ’·
2165 3200 2200 3223 *⁸

251 3295 547 3355 novosque
571 3284 829 3359 gurgites
868 3282 953 3361 (et
978 3285 1053 3342 ob
1081 3285 1283 3343 eadem
1313 3285 1503 3361 pediti
1540 3303 1771 3363 quoque
1809 3287 2028 3345 incerta

252 3371 354 3430 via
379 3374 512 3453 est),
538 3377 615 3435 ad
640 3378 749 3436 hoc
774 3398 917 3436 saxa
941 3381 1203 3469 Ψ
1225 3381 1487 3455 volvens,
1512 3382 1664 3439 nihil
1689 3384 1897 3441 stabile
1920 3403 2027 3441 nec

423 3502 562 3551 αι.
1816 3499 1856 3560 3

2101 3050 2111 3111 1
2155 3081 2164 3091 .
