2375 3842
863 224 1123 285 LIBER
1172 222 1399 286 XXII.
1948 226 1983 287 7
1987 224 2023 283 5

232 372 586 451 quebantur.
670 369 829 429 Galli
876 384 1066 447 neque
1111 366 1402 430 sustinere
1441 388 1503 430 se
1543 368 1799 448 prolapsi
1836 389 2027 448 neque
2052 385 2079 426 ⁶

232 488 538 546 assurgere
589 487 668 526 ex
708 468 1089 545 voraginibus
1140 473 1431 544 poterant,
1474 486 1577 526 mc
1630 473 1737 526 aut
1787 486 2027 545 corpora

232 567 451 625 animis
491 570 598 624 aut
644 565 870 623 animos
921 584 1023 643 spe
1077 565 1466 638 sustinebant,
1521 564 1628 623 alii
1678 565 1831 625 fessa
1874 584 2025 644 aegre
2047 588 2075 631 7

231 664 536 722 trahentes
575 662 855 735 membra,
881 662 1001 733 alii,
1030 662 1134 719 ubi
1173 660 1353 720 semel
1392 661 1569 720 victis
1598 662 1774 721 taedio
1812 662 2026 722 animis

230 760 695 836 procubuissent,
740 759 898 816 inter
942 758 1211 817 iumenta
1250 764 1313 818 et
1357 758 1487 835 ipsa
1524 759 1776 817 iacentia
1809 760 2024 837 passim

231 857 584 930 morientes;
641 855 1012 932 maximeque
1053 855 1319 914 omnium
1370 856 1590 932 vigiliae
1641 856 2025 915 conficiebant

231 969 338 1028 per
376 952 760 1062 quatriduum
793 952 914 1010 iam
945 959 1007 1011 et
1045 959 1168 1010 tres
1200 959 1402 1012 noctes
1446 953 1719 1013 toleratoe.
1805 953 2022 1029 Quum,
2048 972 2072 1013 ε

229 1048 432 1107 omnia
481 1049 888 1108 obtinentibus
939 1050 1124 1127 aquis,
1179 1050 1349 1125 nihil,
1405 1051 1510 1109 ubi
1566 1052 1633 1109 in
1678 1052 1829 1109 sicco
1869 1049 2024 1110 fessa

231 1151 562 1205 sternerent
591 1165 845 1222 corpora,
876 1147 1133 1205 inveniri
1171 1154 1382 1224 posset,
1412 1148 1725 1206 cumulatis
1763 1147 1830 1205 in
1868 1165 2023 1224 aqua

229 1243 475 1302 sarcinis
509 1244 752 1325 insuper
783 1243 1219 1317 incumbebant,
1223 1254 1355 1303 -cmt
1384 1243 1782 1303 iumentorum
1806 1244 2020 1302 itinere
2042 1277 2071 1315 9

228 1344 359 1397 toto
383 1346 809 1416 prostratorum
833 1339 1052 1417 passim
1079 1341 1274 1398 acervi
1302 1347 1555 1413 tantum,
1578 1341 1736 1417 quod
1761 1347 2021 1399 exstaret

228 1454 403 1511 aqua,
444 1437 839 1512 quarentibus
877 1437 954 1494 ad
1031 1436 1255 1495 uietem
1294 1437 1466 1514 parvi
1502 1438 1783 1515 temporis
1830 1457 2021 1497 neces-

227 1531 454 1588 sarium
491 1533 680 1591 cubile
709 1533 945 1592 dabant.
957 1510 972 1649 Ι
1028 1532 1167 1610 ipse
1195 1533 1504 1592 Hannibal
1536 1553 1689 1609 aeger
1722 1533 1907 1593 oculis
1943 1553 2020 1593 ex
2045 1569 2095 1597 ιο

227 1646 415 1685 verna
445 1628 699 1703 primum
734 1629 1082 1707 intemperie
1112 1629 1382 1689 variante
1414 1630 1632 1689 calores
1667 1631 2013 1707 frigoraque,

228 1724 556 1800 elephante,
604 1727 710 1802 qui
748 1744 902 1784 unus
944 1727 1327 1803 superfuerat,
1377 1745 1496 1805 quo
1530 1727 1712 1787 altius
1749 1727 1826 1785 ab
1863 1745 2020 1804 aqua

228 1826 506 1896 exstaret,
548 1829 768 1895 vectus,
812 1822 1035 1901 vigiliis
1088 1829 1287 1883 tamen
1339 1830 1403 1889 et
1446 1830 1733 1883 nocturno
1772 1824 2017 1882 humore
2042 1847 2087 1875 ιι

228 1917 591 1995 palustrique
617 1920 754 1978 caelo
793 1927 1077 1996 gravante
1113 1927 1306 1998 caput,
1337 1928 1399 1980 et
1430 1922 1570 1998 quia
1601 1921 1873 1980 medendi
1907 1940 2016 1979 nec

226 2015 390 2074 locus
413 2035 523 2074 nec
547 2022 780 2094 tempus
805 2023 949 2090 erat,
979 2018 1165 2075 altero
1193 2019 1358 2076 oculo
1385 2018 1629 2095 capitur.
1831 2040 2034 2067 -——--····
2089 1988 2166 2068 Ῐ*

346 2111 564 2170 Multis
596 2113 931 2185 hominibus
961 2115 1359 2191 iumentisque
1388 2115 1537 2173 foede
1572 2114 1801 2173 amissis
1830 2133 2017 2192 quum
2042 2118 2079 2176 3

225 2209 467 2268 tandem
503 2209 577 2266 de
610 2210 922 2286 paludibus
961 2212 1306 2283 emersisset,
1334 2211 1440 2268 ubi
1465 2212 1579 2286 pri-
1618 2229 1703 2315 ff
1733 2230 1908 2316 nisti-'an
1901 2233 2018 2317 μαι

224 2324 393 2363 mum
439 2305 506 2361 in
551 2305 701 2363 sicco
748 2308 958 2383 potuit,
1005 2314 1197 2364 castra
1243 2307 1411 2377 locat,
1463 2324 1580 2362 cer·
1617 2321 1755 2361 beant·

224 2410 473 2477 tumque
527 2420 632 2476 per
680 2404 1007 2477 praemissos
1065 2402 1461 2478 exploratores
1519 2402 1745 2475 habuit,
1803 2404 2015 2462 exerci-

226 2508 359 2557 tuin
399 2496 734 2555 Romanum
796 2500 948 2558 circa
998 2498 1234 2559 Arretii
1272 2498 1488 2557 moenia
1521 2517 1662 2559 esse.
1746 2499 2016 2558 Consulis
2039 2532 2064 2560 ι

226 2593 438 2654 deinde
499 2595 745 2652 consilia
794 2602 993 2672 atque-
1032 2597 1298 2653 animum
1344 2601 1408 2653 et
1472 2595 1655 2654 situm
1708 2598 2017 2675 regionum

102 2741 109 2746 .
224 2691 554 2768 itineraque
590 2697 652 2749 et
681 2692 876 2768 copias
912 2692 990 2751 ad
1020 2698 1377 2751 commeatus
1407 2711 1577 2771 expe-
1614 2739 1809 2779 mh„
1872 2740 2015 2780 south-

225 2788 469 2847 diendos
509 2793 571 2846 et
605 2793 812 2860 cetera,
854 2807 986 2864 quae
1030 2807 1307 2865 cognosse
1346 2790 1413 2849 in
1449 2810 1574 2849 rem
1613 2786 1908 2871 ssffiffffi
1919 2787 2016 2870 ffii

222 2891 365 2957 erat,
397 2903 627 2943 summa
652 2885 849 2942 omnia
883 2904 1019 2943 cum
1054 2904 1196 2944 cura
1224 2887 1573 2964 inquirendo
1613 2878 1966 2939 “⁰¹¹²,Ammm’

222 2983 664 3058 exsequebatur.
747 2982 937 3060 Regio
980 2989 1109 3043 erat
1159 2984 1228 3042 in
1279 2984 1486 3061 primis
1532 2983 1726 3043 Italiae
1777 2981 2010 3056 fertilis,
2037 3010 2063 3051 3

114 3122 121 3133 .
222 3080 460 3138 Etrusci
490 3080 697 3158 campi,
726 3081 834 3157 qui
861 3081 1121 3139 Faesulas
1155 3082 1315 3140 inter
1338 3080 1767 3156 Arretiumque
1799 3079 2008 3152 iacent,

221 3177 506 3235 frumenti
530 3197 599 3236 ac
624 3178 847 3254 pecoris
882 3183 945 3236 et
978 3177 1255 3236 omnium·
1280 3178 1446 3254 copia
1476 3190 1674 3234 rerum
1709 3175 2011 3253 opulenti3

223 3271 429 3331 consul
463 3272 632 3331 ferox
666 3275 742 3332 ab
773 3275 1082 3333 consulatu
1112 3274 1308 3350 priore
1344 3278 1406 3331 et
1445 3292 1567 3331 non
1605 3273 1777 3331 modo
1815 3274 2011 3350 legum
2034 3303 2061 3342 ⁴

221 3375 331 3429 aut
373 3375 611 3446 patrum
651 3372 992 3447 maiestatis,
1042 3372 1147 3433 sed
1191 3391 1268 3429 ne
1309 3371 1550 3430 deorum
1590 3372 1829 3449 quidem
1867 3372 2011 3430 satis
