2375 3842
875 234 1136 296 LIBER
1183 234 1411 297 XXII.
1964 237 2039 297 81

246 379 362 453 bal,
390 380 759 458 captivorum
795 381 899 458 qui
934 381 1140 440 latini
1171 380 1427 440 nominis
1460 387 1673 457 essent,
1701 381 1828 442 eine
1853 384 2043 461 pretio

246 476 522 551 dimissis,
541 475 826 536 Romanis
842 478 906 536 in
922 478 1162 538 vincula
1180 479 1350 553 datie,
1367 485 1670 557 segregata
1685 498 1762 537 ex
1782 479 2043 538 hostium

247 581 720 633 coacervatorum
755 575 1008 634 cumulis
1042 594 1286 653 corpora
1319 595 1562 635 suorum
1596 594 1780 653 quum
1811 575 2045 654 sepeliri

246 670 529 743 iussisset,
560 672 842 730 Flaminii
881 691 1113 750 quoque
1143 692 1354 750 eorpus
1383 672 1608 732 funeris
1634 693 1807 733 eausa
1830 692 2045 750 magna

247 788 382 826 eum
408 787 552 827 eura
574 769 927 846 inquisitum
953 789 1074 828 non
1099 770 1346 829 invenit.
1434 772 1446 785 “
1591 818 1598 825 .
1806 736 1991 945 ᾖ

369 864 575 925 Romae
601 866 677 923 ad
703 866 959 943 primum
986 867 1270 926 nuntium
1297 862 1482 927 eladis
1506 867 1636 927 eius
1653 886 1787 926 eum
1817 867 1832 882 ’
1992 869 2039 927 ti
2068 894 2092 932 ⁶

248 969 468 1022 terrore
511 983 579 1022 ae
624 964 890 1022 tumultu
944 983 1257 1023 concursus
1303 965 1367 1023 in
1410 965 1608 1024 forum
1642 986 1732 1026 'nn
1781 985 1932 1034 aunan
1978 985 2042 1026 an

248 1058 451 1135 populi
498 1065 588 1118 est
632 1058 844 1118 faetus.
944 1058 1237 1118 Matrona
1282 1079 1445 1138 vagae
1497 1079 1603 1138 per
1638 1033 2047 1120 &mm
2068 1094 2090 1132 7

247 1156 392 1229 vias,
421 1175 552 1232 quae
579 1175 789 1233 repens
823 1156 1016 1215 clades
1042 1157 1225 1214 allata
1255 1175 1460 1234 quaeve
1484 1157 1727 1216 fortuna
1750 1155 2040 1214 exereitus

247 1258 416 1325 esset,
462 1250 667 1310 obvios
713 1251 1174 1329 pereontantur5
1216 1259 1281 1312 et
1321 1271 1505 1330 quum
1546 1249 1870 1329 frequentis
1909 1269 2042 1308 eon·

245 1348 428 1408 tionis
455 1350 628 1408 modo
656 1351 831 1408 turba
856 1349 923 1407 in
948 1349 1254 1408 comitium
1289 1357 1352 1408 et
1385 1349 1610 1409 euriam
1635 1366 1806 1406 versa
1830 1346 2041 1424 magis-

245 1449 437 1502 tratus
464 1450 716 1517 voearet,
744 1445 984 1503 tandem
1015 1444 1174 1502 haud
1212 1445 1401 1503 multo
1428 1451 1565 1502 ante
1597 1442 1735 1502 eolis
1771 1462 2038 1502 oceasum

247 1540 334 1600 M.
366 1541 725 1618 Pomponius
760 1548 975 1620 praetor
1013 1542 1323 1620 “Pugna”
1364 1543 1564 1619 inquit
1604 1547 1870 1620 “magna
1893 1541 2038 1600 vieti
2063 1554 2086 1593 8

245 1637 500 1696 eumue.''
582 1639 664 1698 Et
702 1658 1039 1717 quanquam
1079 1639 1235 1698 nihil
1275 1641 1492 1698 eortius
1533 1659 1611 1698 ex
1652 1657 1722 1699 eo
1767 1638 2037 1697 auditum

245 1743 353 1810 est,
382 1743 581 1795 tamen
619 1738 772 1796 alius
810 1739 885 1797 ab
917 1738 1035 1797 alio
1073 1737 1307 1816 impleti
1344 1738 1680 1796 rumoribus
1713 1737 1915 1797 domos
1953 1756 2039 1795 re-

244 1835 459 1908 ferunt,
489 1836 784 1894 consulem
825 1854 958 1895 cum
995 1856 1210 1914 magna
1248 1842 1417 1913 parte
1455 1835 1753 1913 eopiarum
1785 1854 1996 1894 eoeeum
2016 1854 2035 1908 3
2062 1863 2089 1902 9

244 1951 539 2010 superesse
563 1953 779 2011 paucos
806 1940 913 1992 aut
936 1933 1078 2010 fuga
1104 1934 1323 2012 passim
1349 1953 1456 2011 per
1477 1932 1779 1992 Etruriam
1809 1950 2035 2010 sparsos

244 2035 350 2085 aut
374 2033 576 2105 captos
594 2028 669 2085 ab
688 2027 873 2086 hoste.
938 2026 1100 2096 Quot
1117 2047 1285 2086 casus
1305 2029 1597 2086 exereitus
1616 2027 1762 2087 vieti
1781 2027 2031 2099 fuerant,
2065 2056 2114 2083 10

243 2129 334 2182 tot
360 2124 427 2182 in
448 2143 617 2183 curas
643 2124 944 2200 dispertiti
969 2124 1155 2181 animi
1180 2144 1385 2182 eorum
1417 2131 1603 2198 erant,
1633 2143 1884 2201 quorum
1909 2143 2036 2202 pro-

243 2220 456 2297 pinqui
497 2221 609 2278 sub
651 2221 713 2279 O.
760 2221 1054 2280 Flaminio
1102 2221 1338 2279 eonsule
1376 2226 1729 2294 meruerant,
1769 2221 2039 2299 ignoran-

242 2316 417 2387 tium,
434 2335 563 2393 quae
580 2317 860 2393 cuiusque
876 2336 1115 2376 suorum
1131 2318 1371 2381 fortuna
1387 2323 1539 2375 esset
1545 2336 1565 2389 3
1592 2335 1698 2375 nee
1725 2317 2035 2395 quisquam

243 2414 387 2472 satis
412 2418 640 2471 eertum
665 2413 860 2486 habet,
881 2415 1024 2491 quid
1043 2420 1152 2472 aut
1171 2420 1365 2490 speret
1391 2420 1498 2471 aut
1522 2415 1745 2473 timeat.
1791 2414 2035 2473 Postero
2065 2441 2109 2470 u

242 2531 310 2569 ae
337 2509 608 2587 deinceps
633 2511 860 2586 aliquot
886 2512 1092 2571 diebus
1125 2511 1204 2569 ad
1240 2519 1440 2587 portas
1473 2511 1662 2569 maior
1694 2531 1876 2590 prope
1911 2532 2036 2570 mu-

240 2610 453 2667 lierum
495 2627 672 2685 quam
719 2608 983 2666 virorum
1025 2607 1348 2666 multitudo
1399 2608 1585 2682 stetit,
1642 2616 1749 2668 aut
1794 2630 2034 2670 suorum

241 2706 496 2783 aliquem
537 2711 645 2763 aut
684 2704 928 2763 nuntios
972 2704 1048 2763 de
1095 2703 1170 2762 iis
1213 2704 1554 2782 opperiens3
1609 2707 2034 2768 circumfunde-

240 2803 571 2879 banturque
612 2801 802 2860 obviis
842 2801 1222 2875 sciscitata,
1256 2820 1448 2879 neque
1487 2803 1682 2879 avelli,
1716 2805 1924 2882 utique
1959 2806 2034 2863 ab

240 2902 408 2973 notis,
438 2902 781 2979 priusquam
824 2898 1028 2959 ordine
1067 2901 1266 2957 omnia
1303 2899 1701 2977 inquisissent,
1737 2906 2026 2978 poterant.

239 2997 388 3055 Inde
414 2997 607 3056 varios
638 2998 845 3055 vultus
880 2995 1337 3072 digredientium
1373 2999 1450 3055 ab
1485 2997 1714 3056 nuntiis
1749 3016 2027 3071 eet-neres,
2060 3022 2107 3050 12

236 3099 306 3149 ut
331 3092 542 3170 cuique
560 3094 698 3151 laeta
722 3099 830 3152 aut
853 3092 1048 3151 tristia
1075 3094 1526 3165 nuntiabantur,
1554 3093 2032 3172 gratulantesque

234 3194 342 3246 aut
367 3190 729 3248 consolantes
756 3191 1137 3249 redeuntibus
1164 3192 1366 3250 domos
1392 3190 1784 3252 circumfusos.
1843 3192 2031 3251 Femi-

234 3305 444 3343 narum
487 3289 775 3364 praeeipue
829 3294 890 3346 et
939 3289 1155 3365 gaudia
1208 3287 1465 3365 insignia
1503 3294 1674 3346 erant
1715 3295 1777 3346 et
1815 3289 2026 3350 luctus.

233 3381 441 3442 Unam
485 3383 552 3441 in
598 3384 727 3461 ipsa
772 3390 943 3460 porta
977 3384 1186 3461 sospiti
1224 3385 1349 3443 filio
1387 3390 1628 3462 repente
1668 3385 1924 3445 oblatam
1963 3388 2029 3446 in
2057 3408 2105 3446 13

404 3493 464 3546 c,
491 3496 550 3546 L.
1816 3486 1855 3549 6
