2375 3842
291 246 369 304 56
1071 245 1172 303 LI
1177 245 1306 304 VII

287 411 421 450 cum
455 392 650 451 insula
687 392 957 450 traditur.
1042 390 1196 450 Inde
1233 397 1368 467 post
1406 410 1619 467 paucos
1656 393 1780 451 dies
1818 394 2077 454 reditum

287 488 632 563 Lilyboeum,
655 488 993 564 captivique
1016 493 1080 547 et
1105 508 1142 546 a
1166 488 1404 546 consule
1429 493 1491 545 et
1516 508 1553 545 a
1576 493 1840 565 praetore,
1861 496 2077 566 praeter

237 608 261 646 3
286 585 544 661 insignes
569 584 880 642 nobilitate
905 584 1076 657 viros,
1108 585 1220 642 sub
1257 603 1470 642 corona
1493 583 1820 643 venierunt.
1908 585 2076 644 Post·

285 700 462 758 quam
488 682 565 738 ab
590 701 660 738 ea
683 687 853 757 parte
878 680 1024 738 satis
1047 687 1243 739 tutam
1264 669 1527 738 Siciliam
1553 682 1824 739 censebat
1847 684 2069 756 consul,

282 777 359 834 ad
397 777 618 835 insulas
633 777 925 850 ‚Vulcani‚
956 777 1098 854 quia
1131 779 1290 835 fama
1323 783 1451 835 erat
1482 784 1638 834 stare
1672 778 1758 835 ibi
1785 778 2072 837 Punicam

282 874 541 947 classem,
571 874 843 948 traiecit3
883 893 991 932 nec
1026 875 1337 950 quisquam
1371 874 1631 931 hostium
1667 875 1819 933 circa
1853 893 1951 933 eas
1984 876 2074 934 in·

231 992 254 1028 4
280 970 438 1028 sulas
462 971 778 1043 invent-us5
811 990 953 1027 nam
978 971 1128 1029 forte
1153 971 1600 1028 transmiserant
1624 970 1702 1028 ad
1725 972 2071 1030 vastandam

279 1116 617 1203 mwwled
638 1117 682 1155 m
721 1067 913 1125 Italiae
972 1086 1152 1140 oram,
1202 1068 1667 1178 flepopulatoque
1718 1067 2072 1179 Viboniensi

230 1193 254 1228 ⁵
509 1163 688 1202 emtor
722 1184 878 1240 agro,
907 1165 1114 1221 urbem
1141 1169 1321 1222 etiam
1353 1165 1667 1222 terrebant.
1752 1163 2071 1238 Repetenti

278 1219 363 1248 war
379 1210 423 1248 in
438 1209 460 1248 1
563 1209 682 1247 while

279 1265 334 1294 on
355 1256 427 1295 ‘¹¹⁰
450 1210 597 1295 33⁰¹*
617 1252 684 1295 ‘⁰¹’
725 1261 984 1319 Siciliam
1000 1261 1228 1319 consuli
1245 1260 1501 1318 escensio
1507 1259 1765 1317 hostium
1780 1259 1846 1316 in
1861 1279 2070 1336 agrum

275 1301 586 1395 w
639 1301 687 1339 οι
715 1357 1141 1414 Viboniensem
1181 1358 1340 1413 facta
1378 1356 1707 1426 nuntiatur,
1741 1356 2071 1433 litteraeque

275 1453 352 1511 ab
394 1459 603 1511 senatu
646 1454 723 1511 de
765 1453 1024 1511 transitu
1064 1453 1131 1509 in
1175 1453 1419 1510 Italiam
1466 1452 1839 1524 Hannibalis,
1884 1458 1948 1510 et
1999 1463 2072 1512 ut

274 1549 465 1625 primo
501 1568 731 1626 quoque
767 1557 1029 1625 tempore
1064 1549 1296 1626 collegae
1336 1550 1516 1606 ferret
1547 1548 1848 1619 auxilium,
1879 1550 2071 1609 missae

229 1669 254 1706 ⁶
273 1646 608 1703 traduntur.
644 1681 648 1685 -
694 1645 910 1703 Multis
949 1645 1129 1702 simul
1167 1645 1382 1703 anxius
1418 1645 1574 1703 curis
1612 1644 1934 1703 exercitum
1973 1666 2071 1705 ex·

275 1742 495 1818 templo
540 1742 608 1799 in
665 1760 846 1798 naves
899 1741 1242 1818 impositum
1284 1741 1629 1799 Ariminum
1669 1742 1818 1798 mari
1858 1761 2070 1819 supero

182 1878 187 1887 ⁴
273 1837 452 1909 misit,
525 1837 656 1895 Sex.
707 1836 1036 1914 Pomponio
1088 1838 1281 1913 legato
1334 1856 1469 1895 cum
1534 1836 1751 1913 viginti
1798 1838 2066 1916 quinque

273 1934 464 2010 longis
518 1935 773 1992 navibus
845 1934 1271 1992 Viboniensem
1325 1953 1528 2011 agrum
1597 1934 2069 2013 maritimamque

226 2054 249 2091 7
273 2051 435 2089 oram
482 2031 677 2089 Italiae
716 2031 999 2088 tuendam
1038 2031 1332 2089 attribuit.
1414 2030 1500 2088 Μ.
1544 2029 1794 2087 AEmilic
1831 2035 2070 2107 praetori

271 2127 702 2206 quinquaginta
746 2127 992 2186 navium
1038 2128 1279 2185 classem
1333 2126 1608 2202 explevit.
1713 2125 1865 2201 Ipse,
1917 2147 2069 2186 com·

270 2225 477 2302 positis
505 2225 719 2282 Siciliae
744 2225 937 2297 rebus,
957 2225 1155 2283 decem
1181 2223 1435 2282 navibus
1461 2242 1623 2280 oram
1650 2222 1840 2279 Italiae
1866 2224 2068 2301 legens

269 2321 613 2380 Ariminum
640 2321 925 2396 pervenit.
1009 2321 1162 2379 Inde
1187 2339 1325 2379 cum
1353 2319 1615 2377 exercitu
1641 2337 1747 2375 suo
1770 2320 2067 2395 profectus

268 2418 346 2477 ad
371 2419 641 2477 Trebiam
666 2418 886 2476 flumen
913 2418 1146 2495 collegae
1174 2417 1564 2492 coniungitur.
1811 2410 1958 2526 ..ὶ-

170 2526 243 2584 52
388 2516 518 2573 Iam
541 2516 714 2572 ambo
734 2516 1000 2575 consules
1021 2520 1084 2573 et
1109 2512 1392 2592 quicquid
1419 2512 1818 2570 Romanarum
1845 2513 2067 2574 mium

268 2617 412 2683 erat,
468 2610 800 2668 Hannibali
865 2613 1217 2689 oppositum,
1266 2614 1374 2668 aut
1424 2608 1546 2666 illis
1598 2608 1777 2684 copiis
1829 2609 2066 2670 defendi

268 2730 668 2816 ggjffinscipxoon
706 2726 873 2785 posse
900 2709 1241 2766 Romanum
1266 2704 1583 2781 imperium
1614 2709 1721 2761 aut
1745 2723 1908 2780 spem
1932 2708 2066 2766 nul-

220 2835 245 2862 ς
267 2825 415 2870 urgent
436 2777 512 2861 ¹³}ss’
528 2777 666 2862 ’σῗιῖοῗ
706 2805 825 2863 lam
865 2805 1041 2863 aliam
1069 2823 1210 2876 esse,
1241 2802 1387 2861 satis
1414 2800 1755 2858 declarabat,
1841 2801 2065 2863 Tamen

266 2869 565 2954 mes
623 2869 670 2908 οι
705 2902 910 2961 consul
952 2902 1116 2975 alter,
1148 2898 1407 2977 equestri
1448 2896 1653 2973 proelio
1684 2913 1804 2951 uno
1839 2903 1900 2953 et
1930 2902 2062 2959 vul.

264 3015 403 3055 nere
428 3016 535 3055 suo
563 2998 894 3072 †·minutus,
924 2999 1084 3057 trahi
1111 3018 1238 3056 rem
1270 2995 1561 3065 malebat3
1601 2992 1850 3047 recentis
1875 2994 2064 3055 animi

265 3091 416 3151 alter
473 3113 654 3172 eoque
711 3096 956 3154 ferocior
1014 3095 1243 3154 nullam
1304 3090 1647 3149 dilationem
1703 3086 2054 3161 patiebatur.

216 3210 242 3251 3
267 3186 437 3258 Quod
487 3190 645 3249 inter
701 3192 971 3252 Trebiam
1019 3192 1371 3265 Padumque
1409 3184 1537 3261 agri
1578 3186 1685 3254 est,
1728 3181 1890 3240 Galli·
1926 3191 2062 3247 tum

264 3283 610 3362 incolebant,
654 3290 719 3347 in
766 3289 1015 3348 duorum
1055 3282 1515 3367 praepotentium
1554 3277 1901 3354 populorum
1941 3303 2062 3342 σοι.

263 3383 483 3443 tamine
522 3404 628 3462 per
667 3387 1006 3465 ambiguum
1063 3388 1327 3445 favorem
1380 3376 1540 3437 haud
1588 3374 1764 3434 dubie
1802 3379 2058 3453 gratiam
