2375 3842
122 1925 173 2017 :⁴

158 2028 215 2091 *x-

329 233 366 290 8
1106 233 1206 290 LI
1214 230 1341 292 VII
1439 218 1446 223 ’

327 397 470 456 gens
504 378 867 453 imminebat,
897 385 960 437 et
998 400 1219 454 murus,
1249 387 1321 439 ut
1357 382 1425 440 in
1459 390 1726 460 suspecto
1757 384 1900 457 loco,
1940 403 2118 462 supra

265 479 290 538 ί
331 482 535 534 ceterae
574 476 812 534 modum
853 477 1187 535 altitudinis
1228 480 1525 537 emunitus
1557 471 1798 552 erat,)et
1837 480 2117 540 iuventus

330 573 570 645 delecta,
601 572 704 630 ubi
728 573 1048 649 plurimum
1073 575 1320 651 periculi
1340 595 1407 633 ac
1425 576 1654 633 timoris
1680 577 2114 651 ostendebatur,

279 661 307 726 ε’
328 669 413 727 ibi
440 669 502 726 vi
537 668 755 727 maiore
791 671 1166 729 obsistebant.
1252 673 1347 730 Ac
1382 672 1572 749 primo
1610 672 1930 732 missilibus
1961 694 2114 732 sum-

328 784 560 823 movere
588 766 814 824 hostem
841 786 948 824 nec
974 768 1287 845 quicquam
1315 769 1458 827 satis
1483 775 1683 827 tutum
1710 770 2115 829 munientibus

328 862 490 939 pati,
529 862 740 921 deinde
776 864 894 922 iam
928 885 1049 922 non
1081 885 1188 942 pro
1224 867 1512 924 moenibus
1544 868 1716 925 modo
1751 873 1927 944 atque
1958 866 2115 925 turri

328 959 449 1017 tela
490 959 720 1031 micare,
762 961 868 1018 sed
907 963 985 1019 ad
1026 963 1448 1040 erumpendum
1497 963 1675 1022 etiam
1721 963 1788 1024 in
1826 964 2112 1022 stationes

277 1087 302 1124 9
331 1075 616 1134 operaque
662 1056 918 1116 hostium
963 1059 1194 1118 animus
1240 1067 1400 1132 erat3
1447 1061 1663 1136 quibus
1708 1061 2113 1119 tumultuariis

330 1154 742 1213 certaminibus
788 1156 945 1212 haud
993 1156 1176 1214 ferme
1229 1157 1426 1233 plures
1474 1158 1787 1233 Saguntini
1827 1159 2113 1216 cadebant

254 1283 300 1309 ιο
329 1269 503 1326 quam
558 1250 742 1309 Poeni.
829 1251 922 1311 Ut
962 1272 1100 1310 vero
1144 1252 1454 1311 Hannibal
1495 1254 1637 1331 ipse,
1687 1254 1828 1311 dum
1874 1273 2109 1312 murum

327 1347 620 1406 incautius
646 1349 819 1421 subit,
851 1349 1159 1408 adversum
1196 1349 1393 1408 femur
1416 1352 1649 1427 tragula
1673 1351 1935 1427 graviter
1959 1350 2112 1408 ictus

327 1445 552 1519 cecidit,
600 1452 773 1503 tanta
817 1446 970 1504 circa
1020 1447 1164 1523 fuga
1210 1466 1279 1505 ac
1323 1447 1640 1524 trepidatio
1678 1447 1815 1518 fuit,
1828 1439 1853 1528 (
1866 1451 1937 1504 ut
1986 1466 2109 1505 nou

326 1540 581 1599 multum
626 1525 901 1620 abesset)
916 1545 1061 1620 quin
1109 1563 1285 1620 opera
1330 1563 1399 1601 ac
1443 1544 1629 1601 vineae
1690 1545 2107 1603 desererentur.

264 1653 300 1708 3
329 1637 572 1697 Obsidio
598 1638 807 1697 deinde
831 1658 937 1716 per
961 1659 1172 1716 paucos
1195 1641 1319 1698 dies
1339 1640 1528 1716 magis
1554 1659 1729 1716 quam
1756 1640 2112 1718 oppugnatio

323 1735 460 1808 fuit,
482 1736 622 1793 dum
649 1736 866 1794 vulnus
892 1736 1056 1795 ducis
1080 1743 1419 1813 curaretur;
1458 1756 1564 1815 per
1593 1736 1751 1814 quod
1784 1744 2017 1813 tempus
2043 1743 2113 1794 ut

326 1831 492 1910 quies
535 1833 918 1892 certaminum
974 1841 1115 1906 erat,
1166 1835 1255 1892 ita
1306 1834 1381 1891 ab
1428 1841 1715 1912 apparatu
1761 1853 2000 1912 operum
2043 1854 2111 1892 ac

277 1970 299 1996 2
326 1929 722 1989 munitionum
753 1931 903 1988 nihil
937 1939 1242 1990 cessatum.
1326 1932 1541 2007 Itaque
1567 1930 1756 1989 acrius
1782 1931 1854 1988 de
1880 1930 2111 2006 integro

325 2065 438 2151 ᾖ
446 2064 724 2160 Ῐζξέἒυᾶῗῇ
762 2034 1026 2138 coortum
1047 2035 1137 2138 est
1158 2030 1396 2182 ῗῗέῙιιω,
1415 2028 1798 2181 Ῑῗὶυπίἓηεᾳιιθ
1821 2026 2106 2180 partlibus,

682 2138 695 2151 ·
763 2141 871 2180 vix
904 2143 1165 2201 acc1p1en
1194 2144 1217 2181 1
1255 2142 1325 2181 us
1351 2143 1457 2200 qui
1498 2143 1568 2181 us
1608 2143 1703 2180 am
1739 2136 1918 2200 opera·
1969 2142 2105 2196 ocis,

277 2254 299 2290 ³
326 2219 511 2277 vineae
537 2225 737 2296 coeptae
763 2219 860 2297 agi
885 2220 1298 2297 admoverique
1329 2220 1495 2280 aries.
1567 2219 1931 2277 Abundabat
1963 2219 2112 2277 mul·

324 2316 581 2375 titudine
620 2317 927 2376 hominum
967 2317 1225 2391 Poenus3
1269 2314 1369 2397 (ad
1405 2321 1642 2374 centum
1681 2315 2110 2392 quinquaginta

276 2440 299 2476 4
324 2412 512 2470 millia
543 2413 816 2472 habuisse
849 2415 915 2471 in
949 2414 1128 2473 armis
1162 2414 1307 2472 satis
1349 2413 1609 2471 creditur
1626 2410 1667 2486 3)
1717 2412 1997 2490 oppidani
2033 2413 2110 2471 ad

325 2511 521 2567 omnia
572 2509 797 2568 tuenda
846 2519 1026 2587 atque
1079 2510 1350 2568 obeunda
1400 2506 1786 2567 multifariam
1840 2508 2111 2593 distineri

276 2635 299 2671 5
326 2606 497 2681 coepti
520 2611 699 2680 sunt3
739 2625 860 2664 nou
885 2607 1255 2665 sufficiebant
1280 2606 1495 2683 itaque.
1582 2605 1712 2663 Iam
1747 2604 2110 2662 feriebantur

325 2702 606 2760 arietibus
641 2703 797 2761 muri
832 2710 1231 2781 quassataeque
1265 2703 1468 2761 multae
1506 2707 1702 2780 partes
1740 2706 1908 2759 erant
1932 2720 1951 2772 ς
1990 2720 2110 2760 una

326 2797 763 2856 continentibus
801 2799 990 2856 ruinis
1031 2800 1363 2858 nudaverat
1398 2800 1640 2874 urbem;
1680 2803 1801 2855 tres
1838 2797 2108 2874 deinceps

325 2901 535 2968 turreS,
564 2901 968 2972 quantumque
1006 2895 1165 2953 inter
1204 2916 1301 2955 eas
1337 2896 1498 2954 muri
1535 2900 1679 2967 erat,
1708 2912 1838 2951 cum
1879 2892 2108 2969 fragore

277 3014 302 3052 ⁶
326 2992 554 3068 ingenti
588 2992 979 3069 prociderunt.
1067 2993 1324 3069 Captum
1363 2991 1642 3069 oppidum
1678 3008 1749 3046 ea
1784 2988 1961 3045 ruina
1993 3008 2109 3046 cre-

327 3089 598 3147 diderant
636 3088 822 3161 Poeni,
851 3108 983 3166 qua,
1012 3089 1181 3147 velut
1227 3088 1281 3146 si
1326 3087 1550 3165 pariter
1587 3091 1865 3161 utrosque
1906 3103 2109 3142 murus

278 3212 302 3250 7
327 3185 586 3259 texisset,
615 3185 703 3244 ita
730 3185 1008 3264 utrinque
1032 3185 1098 3244 in
1124 3203 1382 3263 pugnam
1408 3198 1748 3260 procursum
1773 3184 1879 3237 est.
1934 3180 2109 3239 Nihil

327 3282 725 3341 tumultuariae
770 3302 980 3360 pugnae
1031 3278 1224 3341 simile
1277 3285 1421 3352 erat,
1469 3277 1672 3354 quales
1708 3275 1775 3332 in
1816 3294 2110 3354 oppugna·

284 3374 287 3379 ’
331 3380 588 3439 tionibus
633 3380 866 3438 urbium
914 3398 1021 3456 per
1062 3377 1420 3437 occasionem
1462 3372 1647 3451 partis
1692 3370 1935 3432 alterius
1976 3393 2106 3432 con-
