2375 3842
917 252 1181 314 HBER
1233 254 1451 316 XXII.
1969 258 2082 318 119

291 403 603 481 praedicere
645 407 856 480 posset,
898 421 1017 480 qua
1063 422 1199 462 cum
1240 403 1407 462 hoste
1446 403 1631 482 signis
1669 405 1898 464 collatis
1938 412 2090 464 esset

292 501 675 560 dimicaturus
690 518 711 573 3
750 519 832 573 se,
859 519 989 577 quae
1016 500 1263 559 consilia
1296 501 1484 578 magis
1523 520 1617 560 res
1660 501 1803 561 dent
1843 502 2090 561 homini·
2120 531 2165 559 u

292 599 404 657 bus
444 616 624 675 quam
669 596 935 655 homiues
974 598 1164 670 rebus,
1203 617 1274 655 ea
1319 605 1459 655 ante
1501 604 1734 676 tempus
1774 600 2091 662 immatura

291 714 414 752 non
454 698 922 771 praeceptumm3
963 700 1182 771 optare,
1212 699 1300 768 ut,
1343 709 1472 772 quse
1512 702 1681 755 caute
1721 716 1790 755 ac
1829 698 2091 757 consulte

292 796 457 869 gesta
503 796 711 862 essent,
762 790 905 849 satis
957 810 1232 869 prospere
1284 792 1625 867 evenirent3
1678 795 2087 869 temeritatem,
2118 826 2164 855 η

294 894 683 966 praeterquam
709 887 864 964 quod
892 888 1076 947 stulta
1113 888 1210 963 sit,
1240 887 1531 947 infelicem
1569 890 1747 948 etiam
1787 890 1865 949 ad
1908 890 1972 949 id
2010 891 2092 949 lo-

294 1005 496 1045 corum
523 984 714 1044 fuisse.
800 985 884 1044 Et
909 1005 1017 1044 sua
1042 991 1252 1063 sponte
1277 988 1595 1064 apparebat
1635 994 1770 1045 tuta
1808 988 2090 1047 celeribus
2119 1022 2165 1060 η

296 1083 553 1143 consiliis
602 1083 1066 1160 praepositui-um,
1114 1089 1190 1156 et,
1232 1102 1348 1163 quo
1391 1083 1454 1141 id
1500 1084 1863 1143 constantius
1905 1104 2092 1162 perse-

294 1186 542 1253 veraret,
595 1180 664 1250 Q.
712 1179 930 1239 Fabius
977 1179 1283 1238 Maximus
1324 1180 1409 1239 sic
1455 1199 1592 1239 eum
1631 1182 2091 1259 proficiscentem

295 1278 585 1336 allocutus
610 1278 817 1336 fertur.

417 1379 456 1409 “
472 1374 540 1434 Si
579 1379 685 1433 aut
730 1375 1027 1452 collegam,
1062 1374 1126 1433 id
1175 1374 1333 1452 quod
1379 1375 1632 1449 mallem,
1683 1373 1776 1433 tui
1820 1375 2087 1448 similem,
2117 1382 2192 1441 39

297 1472 367 1531 L.
418 1471 649 1544 AEmih,
706 1473 948 1531 haberes
1001 1478 1108 1529 aut
1160 1478 1234 1529 tu
1280 1472 1511 1549 collegae
1557 1471 1653 1530 tui
1690 1515 2091 1559 aematho

296 1589 451 1629 esses
499 1568 724 1642 similis,
774 1588 1205 1646 supervacanea
1258 1575 1409 1627 esset
1462 1569 1650 1627 oratio
1690 1611 1736 1651 or
1689 1564 2092 1651 §mm

295 1686 462 1741 mea,
504 1686 642 1724 nam
688 1672 751 1724 et
793 1666 910 1723 duo
956 1666 1096 1723 boni
1143 1666 1422 1739 consule&
1474 1665 1653 1724 etiam
1692 1657 1894 1707 “⁰⁸⁰⁰ss

294 1785 391 1824 me
416 1765 728 1838 indicente,
758 1765 957 1823 omnia
997 1784 1030 1823 e
1068 1784 1132 1822 re
1171 1764 1409 1841 publica
1446 1764 1671 1841 fideque
1710 1768 1908 1822 vestra
1944 1765 2090 1825 face·

295 1864 442 1923 retis
466 1871 529 1923 et
553 1863 696 1922 mali
721 1882 829 1922 nec
854 1882 986 1921 mea
1010 1864 1190 1921 verba
1216 1863 1455 1921 auribus
1479 1862 1691 1921 vestris
1716 1882 1824 1922 nec
1851 1863 2091 1921 consilia

295 1960 507 2019 animis
571 1959 923 2036 acciperetis.
1007 1958 1187 2017 Nunc
1243 1965 1304 2018 et
1357 1960 1635 2036 collegam
1689 1966 1862 2018 tuum
1915 1966 1977 2018 et
2029 1967 2089 2018 te
2117 1972 2143 2013 ³

295 2054 476 2111 talem
521 2054 717 2112 virum
770 2053 1033 2113 intuenti
1074 2053 1227 2111 mihi
1271 2059 1467 2112 tecum
1512 2055 1703 2113 omnis
1750 2056 1938 2113 oratio
1981 2063 2087 2126 est,

296 2170 470 2228 quem
512 2153 683 2210 video
724 2151 1111 2228 nequicquam
1159 2156 1224 2208 et
1264 2152 1461 2208 virum
1513 2151 1735 2208 bonum
1788 2157 1849 2208 et
1902 2152 2090 2210 civem

296 2248 434 2319 fore,
474 2248 543 2318 si,
585 2247 771 2305 altera
809 2254 977 2324 parte
1016 2247 1326 2305 claudente
1363 2266 1428 2304 re
1467 2246 1717 2323 publica,
1747 2247 1920 2305 malis
1961 2268 2090 2305 con·
2151 2291 2155 2300 .

296 2343 446 2402 siliis
491 2343 647 2400 idem
694 2363 762 2401 ac
807 2344 976 2402 bonis
1031 2338 1175 2401 iuris
1230 2348 1293 2401 et
1345 2342 1652 2419 potestatis
1699 2341 1858 2401 erit]
1911 2342 2089 2403 Erras
2119 2375 2143 2411 4

296 2439 472 2511 enim,
514 2439 581 2499 L.
621 2438 821 2511 Paule,
861 2441 912 2497 si
953 2438 1068 2497 tibi
1107 2439 1307 2497 minus
1343 2437 1678 2496 certaminis
1713 2458 1848 2496 cum
1887 2440 1948 2499 Ο.
1981 2440 2090 2499 Te-.

295 2537 486 2595 rentio
532 2555 709 2613 quam
752 2556 885 2594 cum
926 2536 1270 2594 Hannibale
1308 2534 1577 2593 futurum
1619 2555 1850 2610 censes3
1893 2538 2089 2596 nescio

295 2655 375 2693 an
399 2633 670 2691 infestior
693 2632 790 2691 hic
815 2634 1180 2691 adversarius
1207 2652 1385 2710 quam
1408 2632 1511 2691 illo
1537 2632 1723 2692 hostis
1749 2641 1985 2693 maneat
2008 2640 2086 2695 te.

297 2732 449 2799 Cum
493 2731 599 2789 illo
640 2730 707 2787 in
745 2729 867 2788 acie
912 2735 1166 2801 tantum,
1211 2749 1344 2787 cum
1384 2731 1493 2789 hoc
1533 2731 1804 2789 omnibus
1842 2732 1985 2791 locis
2022 2752 2090 2791 ac
2119 2761 2140 2798 5

295 2827 656 2905 temporibus
709 2831 1037 2885 certaturus
1090 2846 1189 2902 es3
1247 2828 1522 2886 adversus
1573 2827 1976 2888 Hannibalem
2014 2829 2091 2888 le-

294 2926 608 3003 gionesque
634 2924 761 2983 eius
786 2924 909 2982 tuis
947 2924 1244 3001 equitibus
1274 2944 1343 2983 ac
1376 2926 1672 3002 peditibus
1710 2927 2090 3004 pugnandum

296 3023 410 3081 tibi
435 3023 567 3096 erit,
589 3021 788 3079 Varro
815 3021 939 3079 dux
956 3020 1079 3079 tuis
1104 3020 1399 3079 militibus
1423 3027 1487 3080 te
1511 3012 1614 3079 est‘
1627 3028 2083 3100 oppugnaturus.

297 3117 529 3176 Ominis
571 3117 749 3175 etiam
788 3116 902 3174 tibi
949 3135 1124 3176 causa
1162 3116 1319 3175 absit
1363 3115 1423 3174 O.
1470 3115 1753 3174 Flaminii
1789 3118 2084 3179 memoria.
2114 3137 2139 3198 q

295 3214 514 3271 Tamen
539 3213 642 3272 ille
668 3214 870 3272 consul
896 3214 1133 3272 demum
1160 3221 1223 3273 et
1248 3214 1315 3272 in
1339 3211 1641 3290 provincia
1675 3203 1738 3272 et
1774 3214 1850 3273 ad
1875 3216 2090 3274 exerci-

294 3315 426 3368 tum
452 3310 625 3386 coepit
649 3310 842 3370 furere
865 3328 885 3383 ;
925 3311 1039 3383 hic,
1066 3312 1412 3388 priusquam
1446 3316 1673 3389 peteret
1700 3311 2085 3385 consulatum,

295 3405 504 3464 deinde
555 3408 624 3464 in
680 3405 934 3484 petendo
987 3408 1315 3482 consulatu,
1370 3425 1532 3468 nunc
1583 3427 1816 3487 quoque
1867 3411 2083 3486 consul,
