2375 3842
326 234 362 296 6
1081 182 1316 295 mm

321 382 706 442 multitudine
732 381 872 441 freti
899 387 977 455 et,
1006 382 1164 460 quod
1189 388 1355 440 metu
1386 381 1623 441 cessisse
1648 381 1960 443 credebant
1984 382 2113 442 hos-

321 487 461 553 tem,
488 480 552 538 id
590 479 809 538 morari
843 479 1153 559 victoriam
1194 479 1330 550 rati,
1368 479 1525 556 quod
1558 478 1866 538 interesset
1898 480 2104 553 amnis,

323 577 576 636 clamore
602 577 834 635 sublato
858 576 1077 653 passim
1101 576 1227 634 sine
1263 576 1442 634 ullius
1467 575 1728 653 imperio,
1757 595 1876 652 qua
1898 576 2109 653 cuique

250 708 297 746 13
318 674 653 752 proximum
686 680 792 745 est,
833 672 899 731 in
939 693 1171 731 amnem
1209 679 1409 735 ruunt.
1494 673 1578 731 Et
1612 693 1689 732 ex
1718 680 1889 751 parte
1918 673 2109 733 altera

316 770 461 848 ripae
499 771 593 829 vis
647 770 853 847 ingens
895 770 1162 846 equitum
1207 769 1273 827 in
1308 770 1528 828 flumen
1573 769 1847 843 immissa,
1891 768 2106 830 medio-

317 887 431 944 que
484 868 650 926 alveo
695 868 1146 943 haudquaquam
1198 867 1329 944 pari
1381 867 1697 926 certamine
1739 888 2105 944 concursum,

243 991 291 1028 η
316 950 537 1042 (11111)ρό
566 964 672 1022 ubi
706 964 881 1041 pedes
914 963 1209 1022 instabilis
1244 984 1313 1023 ao
1351 964 1457 1022 vix
1489 964 1651 1022 vado
1675 965 1863 1023 fidens
1894 965 1992 1024 vel
2028 966 2104 1023 ab

313 1060 527 1119 inermi
553 1061 767 1137 equite,
795 1046 945 1137 equo
970 1067 1189 1119 temere
1224 1066 1372 1132 acto,
1395 1060 1656 1138 perverti
1681 1068 1893 1138 posset,
1924 1081 2102 1138 eques

312 1175 548 1235 corpore
586 1157 879 1233 armisque
917 1157 1083 1229 liber,
1118 1175 1270 1233 equo
1300 1157 1396 1214 vel
1435 1176 1541 1234 per
1578 1158 1802 1216 medios
1839 1158 2101 1234 gurgites

240 1281 288 1320 ις
312 1254 526 1327 stabili,
565 1254 828 1312 cominus
854 1253 1199 1331 eminusque
1233 1272 1361 1311 rem
1394 1263 1635 1330 gereret.
1719 1254 1865 1313 Pars
1888 1272 2102 1332 magna

311 1351 552 1410 flumine
598 1351 946 1427 absumpta3
987 1350 1227 1426 quidam
1273 1350 1561 1409 verticoso
1602 1350 1766 1408 amni
1804 1351 1987 1409 delati
2031 1352 2098 1410 in

241 1470 289 1509 ιε
309 1448 504 1506 hostes
544 1445 620 1507 ab
661 1447 990 1525 elephantis
1030 1447 1238 1505 obtriti
1282 1453 1438 1505 sunt.
1524 1447 1836 1521 Postremi,
1883 1448 2098 1524 quibus

308 1563 600 1621 regressus
640 1544 709 1602 in
748 1564 916 1602 suam
959 1543 1151 1621 ripam
1190 1545 1382 1603 tutior
1421 1543 1559 1616 fuit,
1600 1565 1676 1603 ex
1714 1545 1880 1603 varia
1920 1546 2098 1623 trepi-

308 1643 543 1700 datione
560 1660 741 1718 quum
761 1641 827 1698 in
846 1659 1035 1698 unum
1053 1640 1481 1717 ooUigerentur,
1503 1641 1843 1718 priusquam
1869 1662 1911 1700 a
1929 1648 2096 1701 tanto

306 1758 522 1818 pavore
553 1738 880 1815 reciperent
918 1736 1160 1808 animos,
1191 1737 1501 1795 Hannibal
1540 1739 1774 1814 agmine
1811 1740 2095 1815 quadrato

306 1855 538 1894 amnem
557 1834 850 1911 ingressus
868 1834 1069 1910 fugam
1096 1853 1174 1892 ex
1199 1834 1330 1911 ripa
1353 1833 1513 1907 fecit,
1537 1835 1902 1912 vastatisque
1920 1837 2090 1912 agris,

306 1930 468 1991 intra
493 1950 707 2009 paucos
732 1930 855 1989 dies
884 1931 1240 2007 Carpetanos
1276 1949 1507 2008 quoque
1530 1930 1596 1989 in
1623 1932 1978 1991 deditionem
2003 1952 2096 1991 ac-

235 2057 283 2098 η
305 2028 460 2106 oepit
471 2048 490 2103 ;
524 2027 731 2087 etiam
757 2027 956 2085 omnia
982 2033 1149 2085 trans
1176 2027 1473 2085 Hiberum
1499 2034 1710 2105 praeter
1736 2028 2094 2106 Saguntinos

306 2123 877 2201 Carthaginiensium
905 2130 1089 2182 erant.
1344 2104 1475 2209 70
1575 2109 1900 2210 M

240 2220 278 2284 6
422 2221 574 2280 Cum
600 2221 944 2299 Saguntinis
968 2220 1189 2279 bellum
1215 2220 1480 2279 nondum
1506 2227 1649 2294 erat,
1679 2227 1938 2282 ceterum
1967 2223 2092 2283 iam

298 2360 700 2447 mm
735 2317 1637 2487 Efflssffiussxiffjfflffi
1654 2320 2088 2495 3323ss

249 2455 273 2483 Ω
296 2455 429 2547 ῗξὲἔθ
462 2464 615 2503 envers
650 2457 696 2492 to
734 2510 963 2567 adesset
987 2508 1163 2581 idem,
1194 2509 1301 2585 qui
1326 2509 1452 2568 litis
1477 2516 1606 2567 erat
1630 2516 1805 2584 sator,
1835 2530 1945 2569 nee
1971 2531 2088 2570 cer-

293 2613 495 2665 tamen
529 2606 692 2678 iuris,
723 2607 828 2663 sed
851 2607 976 2663 vim
1007 2606 1193 2682 quaeri
1223 2612 1542 2683 appareret,
1574 2607 1756 2683 legati
1789 2627 1826 2665 a
1863 2608 2085 2686 Sagun-

293 2703 438 2762 tinis
501 2703 754 2761 Romam
804 2702 972 2759 missi
1022 2702 1315 2760 auxilium
1367 2703 1445 2761 ad
1496 2702 1718 2762 bellum
1763 2703 1885 2762 iam
1923 2705 2085 2763 haud

243 2828 269 2867 3
291 2800 470 2859 dubie
507 2799 822 2858 imminens
861 2804 1107 2858 orantes.
1194 2799 1477 2858 Consules
1507 2806 1653 2858 tunc
1680 2799 1884 2859 Romae
1910 2808 2081 2859 erant

290 2898 358 2957 P.
391 2896 698 2957 Cornelius
739 2895 934 2972 Scipio
969 2900 1031 2953 et
1069 2897 1156 2955 Ti.
1205 2896 1583 2973 Sempronius
1623 2896 1876 2972 Longus.
1964 2896 2085 2968 Qui

289 3014 489 3072 quum,
531 2993 740 3070 legatis
779 2992 846 3050 in
891 2997 1161 3050 senatum
1209 2993 1576 3066 introductis,
1622 2994 1696 3051 de
1735 3013 1800 3052 re
1846 2995 2083 3072 publica

285 3091 670 3164 rettulissent,
698 3088 1129 3166 placuissetque
1164 3089 1328 3148 mitti
1357 3089 1581 3166 legatos
1615 3090 1682 3148 in
1718 3090 2080 3168 Hispaniam

236 3213 259 3252 4
285 3189 362 3246 ad
388 3207 481 3245 res
506 3189 795 3247 sociorum
819 3185 1227 3263 inspiciendas,
1255 3187 1472 3264 quibus
1498 3189 1550 3245 si
1574 3188 1878 3246 videretur
1903 3188 2081 3264 digna

285 3304 475 3358 eausa,
519 3291 582 3344 et
621 3283 952 3342 Hannibali
994 3282 1429 3355 denuntiarent,
1476 3289 1549 3342 ut
1591 3284 1666 3341 ab
1714 3283 2075 3360 Saguntinis,

284 3383 452 3443 sociis
496 3381 700 3459 populi
742 3381 1012 3453 Romani,
1051 3380 1400 3454 abstineret,
1448 3386 1510 3439 et
1552 3380 1971 3459 Carthaginem
2010 3380 2078 3439 in
