2375 3842
917 227 1181 289 LIBER
1232 229 1405 291 XXI.
1966 225 2044 284 49

379 377 500 436 His
537 377 1047 436 adhortationibus
1084 396 1273 455 quum
1311 376 1593 452 utrinque
1632 374 1708 434 ad
1748 379 2043 433 certamen
2068 379 2144 440 45

261 475 488 534 accensi
537 474 797 531 militum
843 473 1030 531 animi
1081 478 1295 544 essent,
1350 470 1606 529 Romani
1644 508 2044 549 nonomen-mov·

262 579 441 650 ponte
476 572 748 630 Ticinum
781 570 1054 647 iungunt,
1083 569 1437 646 tutandique
1466 586 1607 645 pon·
1644 556 1867 641 ffi‘ae
1882 554 2046 640 m

260 671 343 728 tis
387 688 561 729 causa
604 666 909 726 castellum
961 666 1204 742 insuper
1246 665 1604 741 imponunt3

263 766 498 836 Poenus,
552 764 821 822 hostibus
866 781 1038 840 opere
1091 762 1407 838 occupatis,
1461 758 1867 819 Maharbalem
1908 778 2043 817 cum
2068 779 2093 807 ε

263 863 357 921 ala
423 861 836 934 Numidarum,
892 860 1189 937 equitibus
1246 859 1602 937 quingentis,
1657 859 1735 917 ad
1793 859 2046 935 depopu-

263 957 466 1015 landos
502 958 792 1015 sociorum
832 957 1037 1035 populi
1075 955 1332 1014 Romani
1363 974 1533 1031 agros
1573 955 1804 1029 mittit3
1857 954 2045 1012 Gallis
2068 980 2094 1018 ³

262 1054 425 1131 parci
461 1072 639 1132 quam
676 1053 934 1111 maxime
972 1052 1156 1125 iubet,
1197 1051 1646 1129 principumque
1699 1051 1926 1109 animos
1969 1050 2046 1109 ad

264 1149 643 1208 defectionem
679 1147 1001 1206 sollicitari.
1082 1145 1275 1205 Ponte
1307 1146 1562 1223 perfecto
1593 1145 1904 1203 traductus
1930 1144 2046 1203 Ro-

263 1263 470 1302 manus
509 1243 800 1302 exercitus
829 1242 895 1300 in
934 1260 1142 1318 agrum
1181 1240 1526 1300 Insubrium
1564 1241 1825 1318 quinque
1858 1241 2048 1299 millia

263 1358 537 1415 passuum
564 1339 639 1396 ab
676 1337 991 1397 Ictumulis
1030 1336 1310 1395 consedit.
1394 1335 1495 1394 Ibi
1520 1335 1828 1393 Hannibal
1856 1342 2047 1395 castra
2072 1365 2095 1403 4

262 1439 552 1520 habebat3
592 1443 975 1513 revocatoque
1013 1448 1257 1512 propere
1296 1434 1640 1493 Maharbale
1677 1439 1856 1510 atque
1890 1434 2048 1510 equi-

265 1534 445 1605 tibus,
507 1550 689 1608 quum
750 1532 972 1589 instare
1033 1537 1329 1589 certamen
1395 1534 1675 1604 cerneret,
1738 1529 1889 1588 nihil
1942 1549 2047 1588 un·

265 1646 442 1704 quam
489 1626 631 1684 satis
682 1627 905 1686 dictum
957 1626 1484 1704 praemonitumque
1531 1627 1608 1685 ad
1645 1671 1737 1711 who
1711 1681 1951 1721 „mm
1981 1672 2023 1712 to
2024 1680 2048 1712 ι,

264 1724 647 1783 cohortandos
673 1724 893 1782 milites
919 1730 1098 1797 ratus,
1122 1724 1346 1783 vocatis
1372 1725 1448 1783 ad
1473 1742 1607 1782 con·
1647 1717 2050 1812 ffifflffi

263 1822 485 1880 tionem
523 1827 683 1879 certa
714 1820 954 1897 praemia
986 1821 1349 1897 pronuntiat,
1378 1821 1442 1878 in
1475 1839 1612 1897 quo-
1649 1774 2003 1859 bennenom-me
2004 1821 2045 1850 ¹²·

263 1939 398 1977 rum
446 1938 608 1996 spem
679 1925 1050 1996 pugnarent:
1127 1939 1334 1996 agrum
1393 1938 1517 1979 sese
1582 1920 1861 1979 daturum
1921 1938 2095 1986 esses

264 2015 330 2070 in
379 2013 576 2087 Italia,
627 2013 856 2083 Africa,
904 2013 1216 2089 Hispania,
1266 2014 1373 2072 ubi
1425 2014 1671 2091 quisque
1711 2013 1891 2072 vellet
1941 2013 2048 2071 im-

262 2130 498 2168 munem
562 2110 694 2187 ipsi,
752 2111 858 2185 qui
917 2110 1246 2187 wcepisset,
1305 2111 1656 2188 liberisque;
1713 2110 1824 2188 qui
1879 2130 2049 2188 pecu·

262 2207 424 2265 niam
484 2226 660 2282 quam
719 2225 926 2283 agrum
982 2206 1303 2278 maluisset,
1357 2207 1416 2265 ei
1471 2226 1535 2265 se
1589 2212 1831 2282 argento
1882 2207 2047 2265 satis-

263 2305 596 2361 facturum·
580 2347 597 2376 ,
664 2301 768 2378 qui
821 2302 1107 2360 sociorum
1153 2301 1312 2360 cives
1359 2301 1866 2378 Carthaginienses
1917 2302 2046 2361 fieri
2069 2322 2095 2361 ⁶

263 2397 502 2469 vellent,
543 2402 888 2474 potestatem
929 2397 1264 2470 facturum3
1304 2396 1410 2472 qui
1446 2397 1647 2456 domos
1684 2398 1875 2456 mdire
1904 2397 2046 2456 mal-

265 2492 406 2562 lent,
437 2490 714 2549 daturum
740 2509 802 2549 se
835 2511 1086 2568 operam,
1114 2510 1190 2550 ne
1218 2491 1385 2549 cuius
1410 2510 1650 2551 suorum
1674 2493 2045 2571 popularium

265 2594 555 2649 mutatam
582 2605 776 2646 secum
802 2588 1099 2646 fortunam
1126 2606 1249 2646 esse
1275 2586 1513 2646 vellent.
1598 2587 1795 2647 Servis
1814 2608 2046 2667 quoque
2072 2623 2097 2662 7

267 2685 531 2743 dominos
569 2685 889 2761 prosecutis
926 2686 1262 2743 libertatem
1300 2686 1591 2764 proponit,
1642 2688 1894 2766 binaque
1936 2707 2045 2766 pro

265 2782 340 2839 iis
376 2781 669 2858 mancipia
708 2781 959 2838 dominis
998 2800 1062 2838 se
1100 2782 1487 2843 redditurum.
1573 2784 1776 2861 anue
1809 2791 1883 2843 ut
1915 2792 2046 2844 rata
2070 2809 2096 2848 a

266 2877 483 2934 scirent
518 2878 658 2949 fore,
701 2895 918 2952 agnum
959 2877 1106 2934 laeva
1143 2895 1341 2951 manu,
1383 2878 1625 2937 dextera
1658 2880 1881 2938 silicem
1910 2880 2048 2939 reti-

266 2991 426 3046 nens,
469 2974 519 3031 si
559 2974 804 3046 falleret,
846 2973 1052 3031 Iovem
1092 2980 1428 3052 ceterosque
1466 2981 1736 3052 precatus
1775 2977 1930 3050 deos,
1958 2976 2046 3035 ita

265 3089 326 3128 se
369 3076 711 3144 mactarent,
754 3071 1241 3146 quemadmodum
1282 3072 1407 3149 ipse
1454 3093 1671 3149 agnum
1715 3079 2041 3147 mactasset,

265 3169 579 3226 secundum
604 3169 994 3245 precationem
1013 3176 1190 3247 caput
1209 3171 1447 3248 pecudis
1473 3191 1615 3230 saxo
1637 3171 1805 3230 elisit.
1891 3170 2043 3231 Tum
2062 3191 2093 3233 9

263 3279 405 3318 vero
427 3280 643 3336 omnes,
673 3264 839 3341 velut
865 3263 978 3322 diis
1014 3265 1350 3322 auctoribus
1388 3264 1455 3321 in
1490 3282 1661 3340 spem⁴
1690 3283 1856 3322 suam
1892 3266 2046 3341 quis-

264 3375 379 3433 que
413 3359 681 3435 acceptis,
719 3358 783 3417 id
824 3378 1018 3432 morae,
1060 3360 1218 3436 quod
1255 3359 1518 3418 nondum
1566 3367 1913 3437 pugnarent,
1967 3363 2045 3420 ad

433 3487 580 3537 0.L.
1828 3478 1870 3539 4
