2375 3842
317 252 392 313 24
677 292 686 302 ·
1041 252 1045 256 ’
1095 257 1195 315 LI
1198 247 1325 316 VII

263 440 286 477 5
431 401 534 462 Ab
591 404 851 462 Gadibus
906 402 1320 481 Carthaginem
1376 406 1450 462 ad
1505 405 1750 463 hiberna
1803 394 2095 463 exercitus

310 530 394 632 ἐξ
414 517 708 623 ἒὲίιὲῃῦᾝὲθ
745 501 951 655 redbigt3¹
977 501 1305 655 ffugi-1¹13&
1319 502 1623 655 profectus13
1617 507 1823 610 praeter
1832 501 2093 655 Ongisaip

747 614 823 654 ur
891 617 954 655 m
1185 618 1204 653 1
1247 616 1408 654 erum
1444 616 1595 655 mari
1623 617 1741 654 ima
1776 617 1878 655 ora
1950 617 2043 656 ucl
2074 642 2088 656 .

263 709 288 747 ⁶
316 695 414 753 Ibi
459 697 617 753 fama
661 701 751 753 est
791 696 856 752 in
891 695 1088 771 quiete
1124 695 1315 751 visum
1355 694 1431 751 ab
1470 713 1538 751 eo
1576 694 1850 752 iuvenem
1892 695 2094 752 divina

310 793 513 868 specie,
543 792 648 868 qui
674 811 736 849 se
764 792 840 848 ab
876 791 1022 848 Iove
1055 778 1275 848 diceret
1310 791 1515 848 ducem
1547 791 1613 848 in
1646 791 1884 848 Italiam
1928 792 2093 849 Han-

313 889 499 946 nibali
523 889 797 959 missum3
841 887 1083 963 proinde
1118 893 1459 963 sequeretur
1482 907 1671 964 neque
1697 907 1941 965 usquam
1969 907 2006 945 a
2031 907 2092 945 se

275 1010 298 1048 7
311 986 640 1043 deflecteret
664 985 875 1044 oculosa
962 983 1255 1041 Pavidum
1288 984 1492 1060 prim0,
1528 1003 1818 1062 nusquam
1854 985 2094 1042 circum-

311 1081 647 1158 spicientem
696 1086 802 1137 aut
853 1081 1272 1156 respicientem,
1330 1087 1637 1153 secutum3
1705 1082 1913 1140 deinde
1955 1101 2093 1139 cura

308 1178 531 1255 ingenii
569 1176 814 1235 humani
849 1197 1048 1254 quum,
1088 1178 1373 1254 quidnam
1411 1179 1475 1236 id
1514 1185 1681 1252 essct,
1725 1181 1880 1256 quod
1917 1180 2094 1256 respi-

308 1294 436 1334 cere
461 1275 681 1333 vetitus
707 1280 871 1345 esset,
901 1274 1150 1350 agitaret
1176 1273 1389 1349 animo,
1418 1281 1742 1352 temperare
1776 1276 1957 1334 oculis
1997 1295 2094 1333 ne·

262 1387 286 1425 s
312 1370 565 1450 quivisse
574 1394 593 1447 3
639 1377 768 1429 tum
802 1371 1023 1428 vidisse
1062 1377 1196 1447 post
1229 1390 1353 1430 sese
1391 1378 1719 1448 serpentem
1751 1373 1901 1431 mira
1938 1390 2093 1448 mag·

310 1470 586 1527 ¹nitudine
627 1487 759 1526 cum
801 1467 1031 1543 ingenti
1069 1469 1340 1525 arborum
1376 1488 1443 1527 ac
1476 1468 1863 1544 virgultorum
1898 1475 2091 1545 strage

247 1588 284 1626 *9
317 1567 471 1640 ferri,
501 1584 568 1624 ac
592 1571 725 1642 post
750 1564 980 1640 insequi
995 1582 1127 1622 cum
1153 1565 1382 1640 fragore
1408 1565 1534 1621 caeli
1558 1566 1839 1625 nimbum.
1922 1565 2089 1636 Tum,

309 1681 438 1741 quae
462 1662 642 1720 moles
669 1678 738 1719 ea
763 1661 978 1737 quidve
1005 1661 1257 1738 prodigii
1284 1665 1449 1733 esset,
1475 1667 1829 1737 quaerentem
1844 1662 2089 1732 audisse,

304 1760 645 1818 vastitatem
692 1750 885 1814 *Italiae
929 1776 1051 1814 esse
1062 1777 1081 1829 ς
1128 1762 1397 1832 pergeret
1436 1776 1609 1833 porro
1654 1757 1742 1814 ire
1782 1776 1891 1814 nec
1932 1758 2091 1814 ultra

227 1856 252 1867 κ
311 1859 632 1936 inquireret
657 1856 985 1932 sineretque
1013 1857 1134 1913 fata
1158 1856 1225 1911 in
1253 1856 1480 1913 occulto
1506 1874 1644 1914 esse.

192 1940 280 1999 ‘223
426 1955 561 2014 Hoc
581 1953 720 2011 ‘visu
746 1950 916 2009 laetus
941 1951 1241 2028 tripertito
1273 1951 1568 2008 Hiberum
1613 1951 1803 2027 copias
1843 1941 2101 2024 traiecit,

225 2187 234 2195 .
308 2092 545 2186 {im-52³
741 2047 2094 2218 ἓξῖζζῖἒίΐὲὲζζῑῗέἐῖᾜῗᾶῖἓέἲὲἔὲ3511ξὲΞὲ

305 2242 668 2319 Alpiumque
693 2240 978 2298 transitus
996 2241 1455 2316 specularentur.
1538 2240 1881 2316 Nonaginta
1907 2241 2093 2299 millia

306 2339 588 2415 peditum,
617 2337 922 2394 duodecim
948 2335 1135 2395 millia
1162 2338 1428 2412 equitum
1470 2337 1764 2395 Hiberum
1806 2338 2083 2397 traduxit.

259 2451 281 2478 2
306 2447 707 2533 ffilbdfflgghglslpahtiag
746 2433 1029 2508 Ilergetes
1052 2433 1190 2491 inde
1221 2433 1643 2510 Bargusiosque
1671 2443 1732 2492 et
1758 2436 2091 2493 Ausetanos

305 2551 405 2588 way.
734 2534 805 2585 'et
858 2527 1248 2600 Lacetaniam,
1304 2547 1431 2603 quae
1485 2528 1746 2586 subiecta
1794 2529 2089 2605 Pyrenaeis

297 2623 606 2680 montibus
633 2629 738 2696 est,
769 2625 1012 2700 subegit,
1038 2643 1266 2700 oraeque
1283 2624 1429 2690 ,huic
1456 2625 1617 2682 omni
1641 2625 1898 2702 praefecit
1924 2626 2090 2682 Han·

306 2732 542 2789 ¹nonem,
574 2726 644 2776 ut
680 2720 891 2794 fauces,
934 2739 1064 2797 quae
1103 2720 1426 2796 Hispanias
1467 2721 1675 2778 Galliis
1713 2721 1984 2797 iungunt,
2023 2721 2083 2777 in

255 2851 279 2888 ³
307 2814 593 2889 potestate
620 2824 825 2876 essent.
913 2817 1130 2876 Decem
1169 2818 1359 2875 millia
1390 2818 1655 2894 peditum
1692 2817 1977 2874 Hannoni
2012 2818 2088 2874 ad

306 2910 637 2987 praesidium
684 2914 1012 2972 obtinendae
1059 2914 1312 2991 regionis
1360 2914 1498 2970 data
1540 2920 1601 2971 et
1642 2912 1804 2970 mille
1844 2915 2082 2989 equites.

255 3041 281 3076 ⁴
308 3007 625 3086 Postquam
651 3029 757 3087 per
783 3011 1131 3086 Pyrenaeum
1170 3012 1388 3069 saltum
1427 3009 1655 3068 traduci
1682 3008 1972 3067 exercitus
1999 3017 2089 3068 est

307 3112 543 3182 coeptuS,
567 3124 881 3183 rumorque
902 3127 1008 3184 per
1023 3109 1298 3166 barbaros
1313 3107 1577 3165 manavit
1604 3105 1813 3163 certior
1838 3106 1910 3164 de
1936 3107 2087 3164 bello

305 3201 588 3276 Romano,
617 3204 735 3262 tria
767 3204 954 3262 millia
991 3205 1130 3262 inde
1170 3204 1629 3280 Carpetanorum
1670 3202 1934 3279 peditum
1972 3202 2087 3260 iter

304 3305 658 3360 averterunt.
744 3300 1079 3373 Constabat,
1129 3319 1251 3358 non
1305 3306 1430 3357 tam
1481 3299 1634 3357 bello
1676 3304 1863 3357 motos
1908 3314 2082 3376 quam

308 3396 736 3475 longinquitate
775 3399 887 3458 vise
923 3396 1492 3474 inexsuperabilique
1528 3396 1777 3473 Alpium
1809 3395 2081 3454 transitu.
