2375 3842
305 250 382 322 54
964 294 969 300 -
1083 252 1314 319 ΗΠ]

302 415 541 486 pestate,
584 429 704 486 qua
739 393 857 486 ipsi
893 396 1123 467 disiecti
1160 409 1370 480 forent,
1413 427 1540 466 eam
1581 392 1809 485 quoque
1846 408 2085 468 classem

256 521 281 560 6
302 508 378 566 ad
404 507 650 582 AEgates
676 505 896 563 insulas
923 505 1222 563 deiectam.
1295 505 1461 578 Haec,
1490 505 1643 562 sicut
1668 505 1871 563 audita
1897 511 2092 578 erant,

301 622 409 661 rex
450 602 534 660 M.
565 602 813 659 AEmilio
852 603 1100 679 praetori,
1145 602 1312 659 cuius
1358 601 1559 659 Sicilia
1598 602 1900 678 provincia
1942 607 2084 670 erat,

301 698 628 777 perscribit,
657 704 986 775 monetque,
1015 704 1088 756 ut
1120 697 1449 774 Lilybaeum
1485 698 1653 755 firmo
1684 703 1913 756 teneret
1947 717 2088 775 prae·

253 816 278 854 7
303 795 466 854 sidio,
572 795 887 873 Extemplo
929 801 990 854 et
1033 815 1068 853 a
1112 802 1360 872 praetore
1406 788 1559 852 circa
1611 794 1881 852 civitates
1924 794 2089 852 missi

301 892 481 969 legati
523 892 878 970 tribunique,
909 892 1013 968 qui
1052 911 1186 950 suos
1226 893 1302 949 ad
1340 876 1541 950 curam
1581 890 1857 949 custodiae
1899 891 2087 949 inten-

256 1001 281 1040 8
303 991 524 1064 dorent,
552 999 607 1048 et
631 997 771 1049 ante
797 992 993 1048 omnia
1027 989 1358 1065 Lilybaeum
1391 989 1582 1047 teneri
1613 994 1899 1065 apparatu
1927 988 2084 1060 belli,

238 1164 241 1167 .
304 1084 494 1145 edicto
531 1086 844 1164 preposite,
873 1092 945 1144 ut
982 1085 1125 1144 socii
1155 1084 1393 1144 navales
1431 1085 1629 1144 decem
1665 1085 1891 1143 dierum
1927 1090 2090 1142 cocta

305 1184 521 1242 cibaria
545 1184 621 1242 ad
647 1203 826 1242 naves
853 1183 1162 1255 deferrent,
1184 1187 1272 1255 ut,
1293 1182 1397 1240 ubi
1423 1182 1656 1259 signum
1687 1181 1891 1239 datum
1917 1187 2084 1253 esset,

303 1300 380 1338 ne
418 1282 561 1358 quid
599 1300 821 1338 moram
861 1279 1282 1338 conscendendi
1324 1279 1556 1352 faceret,
1597 1298 1817 1356 perque
1857 1296 2089 1336 omnem

305 1397 479 1449 oram,
500 1376 603 1453 qui
619 1396 694 1434 ex
714 1376 961 1453 speculis
980 1375 1377 1452 prospicerent
1396 1375 1810 1432 adventantem
1830 1374 2089 1431 hostium

256 1494 281 1531 9
305 1474 559 1544 classem,
589 1473 793 1532 missis.
858 1472 1087 1548 Itaque,
1114 1490 1448 1548 quanquam
1470 1471 1541 1528 de
1561 1471 1852 1529 industria
1877 1470 2089 1528 morati

304 1590 535 1629 cursum
572 1569 812 1626 navium
854 1575 1024 1627 erant
1064 1568 1577 1644 Carthaginiensis,
1612 1574 1684 1625 ut
1722 1573 1860 1625 ante
1899 1567 2089 1625 lucem

303 1666 640 1726 accederent
683 1665 1025 1741 Lilybaeum,
1068 1684 1422 1741 praesensum
1462 1671 1661 1722 tamen
1701 1670 1805 1736 est,
1850 1665 1988 1741 quia
2027 1671 2090 1722 et

304 1765 446 1821 luna
490 1781 715 1839 pernox
738 1768 884 1834 xerat
926 1767 990 1818 et
1030 1761 1277 1818 sublatis
1330 1762 1708 1819 armamentis
1753 1762 2083 1820 veniebant.

234 1890 284 1917 ιο
307 1857 621 1935 Extemplo
663 1858 897 1932 siqnum
937 1857 1142 1915 datum
1189 1876 1223 1914 e
1266 1856 1515 1933 speculis
1558 1863 1619 1915 et
1657 1857 1725 1914 in
1762 1857 1974 1934 oppido
2014 1857 2090 1914 ad

305 1975 468 2014 arma
502 1955 925 2013 conclamatum
964 1959 1052 2012 est
1089 1960 1151 2012 et
1184 1954 1251 2011 in
1287 1972 1467 2011 naves
1504 1970 1913 2026 conscensum3
1952 1964 2090 2028 pars

305 2052 564 2110 militum
588 2051 654 2109 in
682 2051 864 2109 muris
889 2056 1305 2127 portarumque
1344 2050 1710 2123 stationibus,
1741 2069 1875 2126 pars
1901 2050 1968 2106 in
1992 2069 2090 2106 na-

235 2175 280 2202 n
305 2149 477 2207 vibus
504 2153 687 2206 erant.
771 2147 854 2205 Et
887 2148 1411 2223 Carthaginienses,
1442 2146 1582 2223 quia
1614 2165 1741 2204 rem
1774 2147 1898 2204 fore
1933 2144 2091 2203 haud

305 2266 439 2305 cum
464 2244 768 2322 imparatis
803 2246 1134 2316 cernebant,
1162 2263 1349 2320 usque
1375 2244 1448 2301 ad
1480 2244 1670 2301 lucem
1706 2249 1883 2319 portu
1909 2263 1970 2301 se
1995 2243 2092 2300 ab·

306 2344 655 2415 stinuerunt,
700 2341 998 2401 demendis
1043 2340 1423 2399 armamentis
1468 2359 1538 2398 eo
1582 2345 1844 2417 tempore
1890 2344 2092 2416 aptan-

237 2469 283 2496 12
306 2441 493 2516 daque
533 2438 610 2497 ad
655 2458 911 2516 pugnam
947 2439 1130 2509 classe
1169 2439 1495 2514 absumpto,
1580 2436 1709 2495 Ubi
1744 2437 1963 2510 illuxit,
2005 2455 2093 2494 re-

305 2556 505 2614 cepere
560 2536 800 2593 classem
857 2535 924 2593 in
983 2536 1189 2608 altum,
1247 2540 1321 2592 ut
1372 2534 1626 2611 spatium
1680 2552 1888 2613 pugnae
1942 2538 2094 2591 esset

307 2632 647 2708 exitumque
688 2631 940 2691 liberum
985 2651 1019 2690 e
1057 2638 1234 2709 portu
1272 2650 1452 2689 naves
1489 2630 1748 2689 hostium
1789 2630 2086 2689 haberent.

236 2751 283 2788 ¹3
306 2728 436 2786 Nec
482 2727 738 2785 Romani
775 2728 1172 2787 detrectavere
1211 2746 1484 2806 pugnam,
1524 2733 1588 2786 et
1624 2727 1903 2785 memoria
1941 2727 2095 2786 circa
2213 2800 2218 2805 Ι

305 2840 375 2882 ea
398 2824 526 2901 ipsa
559 2823 685 2882 loca
716 2830 1012 2901 gestarum
1038 2842 1236 2883 rerum
1270 2824 1412 2883 freti
1445 2829 1508 2882 et
1540 2825 1800 2882 militum
1825 2823 2094 2882 multitu-

209 2935 283 2993 50
306 2921 442 2980 dine
477 2940 544 2979 ac
569 2920 808 2979 virtute.
892 2921 1022 2981 'Ubi
1056 2922 1123 2980 in
1158 2922 1347 2980 altum
1385 2921 1573 2980 evecti
1599 2926 1755 2993 sunt,
1787 2921 2093 2979 Romanus

304 3065 340 3105 ,⁸
355 3064 504 3106 routod
520 3063 582 3106 off
596 3064 704 3113 my·
743 3036 1041 3078 conserere
1074 3034 1334 3096 pugnam
1370 3023 1433 3076 et
1466 3036 1542 3075 ex
1575 3018 1904 3094 propinquo
1938 3010 2095 3075 vir'es

260 3152 285 3181 ο
305 3111 455 3152 ”⁰¹¹²
744 3117 1001 3175 conferre
1032 3117 1221 3188 velle3
1262 3121 1466 3173 contra
1505 3114 1737 3173 eludere
1773 3113 1993 3172 Poenus
2031 3120 2096 3172 et

306 3214 450 3285 arte,
481 3232 602 3271 non
627 3212 691 3271 vi
716 3232 841 3271 rem
866 3233 1085 3290 gerere,
1113 3213 1471 3288 naviumque
1498 3230 1673 3287 quam
1700 3210 1962 3269 virorum
1989 3216 2096 3268 aut

261 3331 286 3371 ³
308 3325 601 3366 armorum
641 3309 815 3368 malle
861 3315 1155 3368 certamen
1194 3309 1397 3367 facere.
1480 3307 1641 3365 Nam
1680 3313 1753 3365 ut
1790 3307 1960 3365 sociis
1995 3325 2097 3365 na-

267 3414 271 3419 ’
307 3402 539 3465 vasibus
572 3406 798 3465 affatim
829 3406 1176 3466 instructam
1214 3405 1471 3475 classem,
1510 3403 1600 3462 ita
1634 3398 1869 3480 inopem
1903 3402 2095 3462 mmm
