2375 3842
918 248 1184 308 LIBER
1235 248 1424 308 XXI.
2027 240 2070 305 9'

275 390 394 452 seri
425 394 631 468 solent,
660 393 762 453 sed
795 394 964 453 iustae
997 394 1168 466 acies,
1195 394 1362 453 velut
1396 394 1626 472 patenti
1658 412 1876 471 campo,
1908 393 2067 452 inter

277 492 479 550 ruinas
504 491 660 550 muri
685 497 956 569 metaque
983 491 1148 550 urbis
1181 491 1411 551 modico
1443 492 1726 550 distantia
1751 490 2066 550 intervallo

276 589 677 649 constiterant.
724 589 888 648 Hinc
907 608 1054 666 spes,
1075 589 1215 647 hinc
1240 588 1569 666 desperatio
1594 589 1820 647 animos
1845 588 2060 663 irritat,
2088 601 2117 644 8

278 686 462 744 Poeno
488 686 705 764 cepisse
738 685 856 743 iam
887 705 954 744 se
980 687 1201 759 urbem,
1233 686 1285 744 si
1320 686 1561 764 paulum
1596 686 1918 760 annitatur,
1948 705 2067 745 cre-

276 782 472 855 dente,
502 782 845 859 Saguntinis
883 801 991 860 pro
1022 783 1248 840 nudata
1282 784 1572 841 moenibus
1597 783 1791 861 patria
1825 803 2067 861 corpora

276 882 707 959 opponentibus
732 899 840 938 nec
867 881 988 938 ullo
1023 880 1231 958 pedem
1263 880 1573 955 referente,
1602 899 1678 940 ne
1702 881 1769 939 in
1792 881 2064 940 relictum

276 998 312 1036 a
346 998 410 1036 se
444 978 635 1037 locum
666 978 895 1038 hostem
929 978 1291 1038 immitteret.
1377 978 1594 1055 Itaque
1628 996 1745 1055 quo
1778 978 1969 1036 acrius
2004 986 2068 1036 et
2090 1002 2117 1042 9

276 1076 527 1136 conferti
563 1077 751 1155 magis
790 1076 1069 1153 utrinque
1107 1077 1468 1153 pugnabant,
1498 1095 1566 1134 eo
1600 1076 1801 1154 plures
1835 1075 2068 1134 vulner-

276 1174 547 1247 abantur,
602 1174 769 1232 nullo
821 1174 980 1231 inter
1025 1192 1188 1231 arma
1235 1192 1588 1250 corporaque
1635 1192 1792 1230 vano
1833 1171 2068 1230 interci-

276 1271 454 1329 dente
497 1272 632 1331 telo,
717 1270 1027 1330 Phalariea
1065 1276 1194 1328 erat
1235 1270 1579 1346 Saguntinis
1618 1269 1839 1327 missile
1878 1269 2065 1327 telum
2095 1297 2147 1325 ω

276 1366 479 1427 hastili
518 1368 763 1445 abiegno
802 1374 865 1426 et
898 1373 1089 1426 cetera
1123 1366 1302 1424 tereti
1334 1372 1723 1444 praeterquam
1763 1365 1840 1424 ad
1876 1372 2068 1424 extre-

277 1483 458 1539 mum,
487 1467 645 1524 unde
684 1467 906 1524 ferrum
946 1464 1257 1539 exstabat3
1298 1463 1379 1539 id,
1414 1464 1568 1522 sicut
1605 1465 1671 1522 in
1709 1464 1848 1543 pilo,
1891 1464 2069 1542 quad·

276 1571 474 1620 ratum
502 1568 715 1640 stuppa
733 1562 1216 1639 circumligabant
1241 1562 1621 1639 linebantque
1646 1560 1774 1640 pice
1787 1582 1805 1635 3
1844 1563 2067 1622 ferrum
2097 1597 2142 1624 n

279 1666 477 1718 autem
507 1667 627 1719 tres
653 1661 894 1738 longum
921 1661 1176 1719 habebat
1202 1660 1392 1737 pedes,
1422 1667 1494 1718 ut
1518 1680 1652 1718 cum
1680 1661 1858 1719 armis
1884 1666 2070 1719 trans·

276 1756 453 1834 figere
487 1777 693 1835 corpus
725 1763 935 1836 posset.
1020 1756 1137 1816 Sed
1162 1757 1226 1814 id
1250 1757 1519 1830 maxime,
1552 1758 1783 1816 etiamsi
1808 1758 2070 1817 haesisset

277 1853 344 1912 in
379 1861 546 1913 scuto
580 1875 688 1914 nec
722 1860 1086 1932 penetrasset
1119 1854 1185 1914 in
1226 1874 1452 1933 corpus,
1478 1874 1755 1933 pavorem
1796 1856 2068 1930 faciebat,

278 1952 451 2028 quod,
481 1970 662 2030 quum
690 1953 949 2012 medium
982 1971 1289 2011 accensum
1328 1952 1668 2012 mitteretur
1702 1961 2071 2032 conceptum·
2099 1984 2145 2011 u

280 2069 395 2126 que
437 2049 563 2126 ipso
615 2056 782 2108 motu
829 2050 1020 2108 multo
1072 2049 1355 2109 maiorem
1406 2050 1603 2127 ignem
1657 2050 1855 2124 ferret,
1905 2071 2071 2109 arma

279 2146 479 2204 omitti
504 2148 745 2223 cogebat
770 2148 1109 2223 nudumque
1135 2148 1389 2206 militem
1415 2149 1490 2206 ad
1518 2148 1892 2226 insequentes
1918 2149 2071 2208 ictus

279 2243 590 2320 praebebat.
677 2243 876 2312 Quum
911 2243 1015 2302 diu
1050 2263 1262 2322 anceps
1296 2244 1507 2303 fuisset
1544 2251 1854 2317 certamen,
1883 2252 1945 2305 et
1973 2247 2071 2306 Sa·
2096 2245 2133 2303 9

148 2323 173 2363 ’·
280 2338 569 2415 guntinis,
585 2340 727 2417 quia
744 2346 956 2417 proeter
973 2360 1136 2418 spem
1152 2341 1508 2414 resisterent,
1528 2341 1848 2400 crevissent
1867 2344 2069 2418 animi,

281 2437 515 2509 Poenus,
566 2437 707 2513 quia
751 2456 872 2495 non
910 2437 1167 2508 vicisset,
1205 2457 1313 2516 pro
1351 2438 1511 2496 victo
1551 2445 1719 2511 esset,
1758 2440 2069 2500 clamorem
2096 2476 2119 2502 2

278 2539 519 2611 repente
545 2533 824 2611 oppidani
851 2536 1072 2593 tollunt
1098 2536 1443 2612 hostemque
1471 2536 1537 2593 in
1562 2536 1764 2595 ruinas
1790 2538 1947 2597 muri
1973 2558 2071 2597 ex·

278 2630 526 2709 pellunt,
574 2631 714 2696 inde
767 2632 1116 2710 impeditum
1169 2633 1677 2711 trepidantemque
1730 2636 2066 2712 exturbant,

278 2734 571 2806 postremo
596 2729 795 2788 fusum
820 2728 1208 2807 fugatumque
1234 2730 1299 2788 in
1326 2737 1516 2789 castra
1541 2732 1831 2808 redigunt.

266 2808 275 2819 ’
401 2826 653 2883 Interim
693 2827 768 2884 ab
807 2825 1002 2885 Roma
1040 2827 1262 2904 legatos
1296 2828 1525 2886 venisse
1564 2830 1907 2888 nuntiatum
1944 2837 2069 2907 est3
2092 2856 2116 2894 ³

279 2921 493 2998 quibus
529 2922 767 2981 obviam
793 2923 868 2981 ad
903 2943 1065 2982 mare
1095 2923 1264 2982 missi
1290 2925 1363 2982 ab
1391 2924 1627 2983 Hanni-
1665 2970 1755 3010 'rho
1785 2972 1951 3012 Rom
1982 2984 2069 3013 am-

280 3020 427 3092 bale,
466 3019 570 3096 qui
604 3019 883 3092 dicerent,
922 3039 1030 3078 nec
1064 3026 1200 3079 tuto
1235 3041 1332 3080 eos
1367 3022 1631 3087 aditure·
1669 3017 2071 3106 fflmimxffffli

280 3115 436 3174 inter
462 3124 552 3176 tot
578 3124 702 3175 tam
730 3117 1143 3175 effrenatarum
1161 3117 1429 3194 gentium
1449 3137 1627 3190 arma,
1670 3110 1834 3149 Μ
1848 3113 1894 3150 ‘⁰
1908 3115 2017 3152 ‘¹¹⁰⁸‘

282 3231 386 3269 nec
426 3212 757 3271 Hannibali
794 3213 859 3271 in
896 3219 1069 3272 tanto
1110 3214 1446 3272 discrimine
1480 3234 1680 3273 rerum
1719 3235 1907 3292 operae
1945 3237 2069 3279 esse

282 3309 598 3384 legationes
636 3310 857 3369 audire.
941 3310 1307 3388 Apparebat,
1335 3330 1457 3369 non
1489 3311 1770 3371 admissos
1796 3315 2067 3391 protinus
2093 3342 2119 3380 ⁴

283 3404 695 3484 Carthaginem
738 3409 945 3468 ituros.
1029 3408 1287 3466 Litteras
1340 3408 1528 3485 igitur
1579 3411 1938 3488 nuntiosque
1990 3414 2068 3470 ad
