2375 3842
884 248 1145 309 LIBER
1195 243 1419 309 XXII.
1971 243 2049 303 8⁷

253 401 490 462 faceret.
575 399 694 459 Sed
725 398 831 458 ubi
866 399 1068 477 quieta
1095 397 1296 457 omnia
1320 396 1479 475 apud
1504 394 1702 454 hostes
1727 413 1836 453 nec
1860 399 2052 452 eastra
2075 413 2098 450 ⁴

255 498 379 556 ullo
425 497 694 556 tumultu
745 503 912 555 mota
960 496 1144 565 videt,
1198 494 1508 571 increpans
1559 492 1816 570 quidem,
1862 489 2051 549 victos

256 595 498 654 tandem
536 589 731 675 [quos]
775 592 1030 652 Martios
1065 592 1293 651 animes
1331 590 1635 664 Romanis,
1670 589 2052 649 debellatum·

256 711 372 768 que
412 696 475 750 et
514 708 852 749 concessum
889 688 1195 768 propalam
1229 689 1305 748 de
1337 689 1566 746 virtute
1596 705 1666 746 ac
1695 686 1883 764 gloria
1906 705 2049 758 eme,

256 789 322 847 in
353 793 546 847 castra
576 786 795 862 rediit3
834 792 1099 846 ceterum
1123 785 1310 845 tacita
1337 805 1478 844 cura
1502 786 1765 844 animum
1792 785 2049 859 incessit,
2078 797 2101 838 s

257 885 415 962 quod
440 903 577 943 cum
613 885 763 943 duce
799 883 1260 962 haudquaquam
1296 882 1578 941 Flaminii
1609 883 2052 962 Semproniique

257 982 441 1040 simili
476 983 680 1040 futura
704 981 822 1040 sibi
846 1000 942 1040 res
966 986 1120 1040 esset
1145 999 1216 1039 ac
1240 986 1371 1039 tum
1398 981 1638 1039 demum
1663 980 1856 1041 edocti
1881 981 2052 1040 malis

260 1078 519 1138 Romani
543 1097 747 1156 parem
771 1077 1107 1137 Hannibali
1131 1078 1343 1137 ducem
1369 1078 1724 1155 quaesissent.
1810 1077 1893 1135 Et
1918 1096 2050 1154 pru-
2077 1091 2102 1129 6

258 1176 524 1234 dentiam
550 1174 791 1254 quidem
814 1175 959 1234 novi
985 1174 1290 1234 dictatoris
1317 1175 1615 1253 extemplo
1640 1174 1883 1248 timuit3
1922 1192 2052 1233 con·

258 1273 540 1331 stantiam
577 1272 883 1332 hauddum
922 1278 1223 1351 expertus,
1263 1272 1490 1350 agitare
1527 1292 1597 1331 ac
1642 1278 1876 1331 tentare
1928 1272 2052 1330 ani-

258 1389 422 1428 mum
461 1370 749 1429 movendo
788 1370 990 1428 crebro
1029 1374 1223 1428 castra
1260 1369 1615 1448 populando·
1698 1418 1728 1458 k
1728 1417 1870 1468 “pm
1894 1416 1930 1458 st
1958 1428 2052 1458 oon

258 1485 374 1543 que
413 1466 481 1525 in
510 1467 693 1525 oculis
729 1467 857 1527 eius
893 1486 1065 1544 agros
1100 1466 1390 1526 sociorum
1417 1467 1610 1545 coepit,
1695 1465 1853 1551 g‘gg‘l!
1878 1465 2053 1558 mma&

259 1571 324 1621 et
360 1564 533 1622 modo
571 1564 753 1622 citato
783 1564 1020 1642 agmine
1044 1583 1123 1623 ex
1148 1559 1463 1642 conspectu
1490 1565 1610 1623 abi·
1692 1556 1957 1653 {geuffi’ngu‘
1970 1560 2052 1651 {¹¹2}
2078 1584 2101 1621 7

182 1731 191 1738 ,
258 1661 378 1732 bat,
408 1660 579 1719 modo
605 1666 846 1738 repente
881 1661 950 1719 in
983 1660 1184 1738 aliquo
1218 1661 1377 1720 flexu
1404 1662 1533 1735 viae,
1561 1660 1615 1720 gi
1697 1649 1800 1692 offer
1826 1651 1872 1690 οι
1894 1650 2036 1690 ωηο.

259 1758 526 1836 excipere
560 1759 896 1835 degressum
931 1758 999 1817 in
1028 1777 1265 1836 aequum
1303 1766 1512 1837 posset,
1546 1758 1810 1818 occultus
1844 1757 2053 1816 subsis-

258 1857 436 1915 tebat.
523 1856 745 1914 Fabius
782 1874 892 1933 per
928 1855 1057 1914 loca
1094 1856 1221 1914 alta
1258 1877 1471 1935 agmen
1513 1857 1780 1929 ducebat,
1825 1856 2051 1914 modico
2076 1866 2101 1905 8

258 1953 335 2010 ab
385 1952 552 2011 hoste
594 1953 924 2025 intel-vanc,
975 1958 1049 2012 ut
1089 1972 1282 2031 neque
1328 1954 1629 2013 omitteret
1672 1972 1810 2012 eum
1861 1971 2052 2030 neque

258 2051 720 2127 congrederetur.
806 2049 1049 2123 Castris,
1087 2050 1207 2108 nisi
1237 2057 1527 2128 quantum
1563 2069 1708 2109 usus
1740 2050 2051 2109 necessarii

258 2154 550 2224 cogerent,
578 2148 896 2206 tenebatur
920 2148 1128 2220 miles3
1162 2148 1445 2224 pabulum
1471 2153 1535 2206 et
1558 2147 1721 2224 ligna
1744 2166 1852 2205 neo
1877 2147 2052 2224 pauci

257 2246 540 2321 petebant
578 2263 686 2302 nec
726 2243 942 2322 passim
960 2265 980 2319 3
1018 2243 1288 2320 equitum
1314 2244 1577 2319 levisque
1602 2249 1912 2301 armatum
1938 2249 2052 2301 sta-
2073 2264 2103 2303 9

258 2342 364 2413 tic,
394 2342 714 2418 composita
738 2342 1146 2418 instructaque
1171 2340 1239 2398 in
1264 2340 1489 2398 subitos
1513 2340 1825 2412 tumultus,
1857 2346 1919 2398 et
1940 2359 2052 2399 suo

258 2438 440 2496 militi
472 2443 615 2496 ‘tuta
660 2440 858 2497 omnia
902 2445 964 2497 et
1007 2438 1226 2496 infesta
1265 2435 1463 2495 effusis
1500 2436 1762 2495 hostium
1801 2436 2047 2514 popula-

257 2536 488 2595 toribus
539 2537 868 2612 praebebat3
933 2555 1126 2614 neque
1179 2533 1458 2592 universo
1507 2534 1768 2611 periculo
1821 2553 2051 2594 summa

258 2654 456 2693 rerum
498 2632 988 2707 committebatur,
1019 2638 1083 2691 et
1114 2650 1300 2708 parva
1338 2637 1634 2690 momenta
1673 2631 1895 2690 levium
1934 2650 2049 2690 cer-
2075 2656 2127 2685 ιο

257 2733 550 2790 taminum
597 2749 675 2788 ex
715 2734 849 2787 tuto
889 2734 1227 2805 coeptorum,
1270 2727 1525 2787 finitimo
1561 2734 1818 2806 receptu,
1861 2747 2049 2787 assue-

263 2826 558 2886 faciebant
577 2826 854 2886 territum
872 2824 1139 2903 pristinis
1157 2824 1423 2883 cladibus
1439 2823 1691 2883 militem
1711 2824 1909 2882 minus
1927 2821 2046 2878 iam

264 2925 506 2983 tandem
547 2930 657 2982 aut
690 2923 935 2982 virtutis
968 2928 1076 2982 aut
1108 2922 1362 2981 fortunae
1395 2922 1675 3001 paenitere
1710 2940 1847 2980 suae.
1932 2917 2046 2977 Sed
2074 2946 2117 2972 u

259 3040 382 3079 non
423 3020 825 3079 Hannibalem
865 3019 1053 3096 magis
1093 3019 1374 3078 infestum
1419 3025 1545 3076 tam
1590 3018 1750 3076 sanis
1793 3017 2052 3077 consiliis

259 3118 512 3177 habebat
549 3138 730 3196 quam
780 3117 1128 3195 magistrum
1170 3117 1458 3195 equitum,
1506 3115 1612 3193 qui
1662 3114 1815 3173 nihil
1866 3114 2043 3188 aliud,

259 3234 438 3291 quam
469 3215 626 3292 quod
664 3214 856 3293 impar
894 3221 1023 3275 erat
1057 3214 1322 3293 imperi0‚
1364 3232 1541 3271 morse
1581 3213 1657 3270 ad
1694 3231 1822 3270 rem
1859 3214 2048 3291 publi-

260 3330 388 3368 cam
434 3312 912 3390 praecipitandam
961 3313 1233 3386 habebat,
1291 3312 1458 3369 ferox
1508 3310 1864 3388 rapidusque
1916 3330 2048 3370 con-

258 3408 406 3466 siliis
445 3428 513 3467 ac
548 3409 750 3487 lingua
784 3409 1147 3469 immodicus.
1232 3408 1437 3467 Primo
1462 3408 1621 3468 inter
1645 3428 1876 3486 panem,
1907 3408 2044 3467 dein
2073 3441 2118 3468 η
