2375 3842
252 472 364 530 set
403 465 609 524 Bomae
649 471 713 523 et
755 465 1127 525 inexercitu
1169 465 1484 543 imperium
1533 466 1763 525 habeat.
1852 466 2088 543 Quippe

302 562 607 621 consulum
660 563 917 621 alterum
964 563 1032 621 in
1082 563 1208 622 acie
1260 563 1550 635 cecidisse,
1592 564 1845 621 alterum
1895 563 2088 639 specie

300 659 500 718 clamis
538 658 777 718 Punica
815 660 1228 736 persequendae
1271 659 1476 736 procul
1517 661 1596 718 ab
1636 659 1817 718 Italia
1852 659 2086 735 ablega·

252 771 279 810 ⁶
300 763 469 830 tum3
507 756 653 814 duos
690 762 965 833 praetores
1003 755 1205 815 Sicilia
1239 762 1417 832 atque
1452 755 1725 813 Sardinia
1757 762 2083 832 occupatos,

300 870 551 927 quarum
588 859 801 910 neutra
836 852 947 910 hoc
978 858 1242 930 tempore
1274 852 1577 929 provincia
1607 858 1855 929 praetore
1880 858 2084 928 egeat3

301 948 389 1008 M.
419 947 754 1007 Minucium
786 949 1132 1025 magistrum
1152 948 1458 1024 equitum,
1484 968 1561 1007 ne
1585 948 1814 1007 hostem
1837 948 2082 1021 videret,

299 1065 376 1103 ne
401 1045 547 1122 quid
571 1046 660 1103 rei
683 1046 905 1104 bellieoe
929 1052 1175 1122 gereret,
1204 1064 1384 1123 prope
1407 1046 1472 1103 in
1499 1045 1765 1103 custodia
1794 1045 2081 1106 habitum.

252 1166 276 1204 7
301 1143 514 1221 Itaque
537 1143 771 1203 hercule
797 1163 917 1203 non
951 1144 1258 1204 Samnium
1292 1143 1480 1217 modo,
1509 1162 1628 1220 quo
1651 1143 1772 1201 iam
1801 1149 2085 1220 tanquam

297 1247 465 1299 trans
513 1240 808 1299 Hiberum
850 1260 993 1317 agro
1033 1240 1233 1299 Poenis
1272 1259 1606 1298 concessum
1644 1241 1742 1313 sit,
1777 1240 1883 1299 sed
1921 1240 2086 1299 Cam·

297 1356 517 1414 panum
563 1338 963 1415 Calenumque
1002 1343 1065 1396 et
1115 1337 1433 1396 Falernum
1475 1356 1682 1413 agrum
1727 1344 2086 1414 pervastatos

298 1455 437 1509 esse,
487 1435 726 1494 sedente
779 1435 1027 1493 Casilini
1070 1435 1356 1493 dictatore
1408 1442 1471 1492 et
1517 1434 1844 1510 legionibus
1881 1433 2085 1511 populi

182 1547 190 1555 ·
251 1542 276 1582 8
301 1531 558 1590 Romani
589 1550 796 1607 agrum
828 1550 997 1590 suum
1034 1537 1288 1590 tutante.
1372 1530 1717 1588 Exercitum
1752 1531 2085 1609 cupientem

301 1647 563 1706 pugnare
608 1635 671 1686 et
711 1627 1057 1704 magistrum
1104 1628 1371 1703 equitum
1415 1627 1644 1685 clausos
1696 1647 1876 1704 prope
1925 1627 2087 1685 intra

302 1725 523 1783 vallum
587 1729 886 1797 retentos;
949 1730 1231 1800 tanquam
1296 1722 1563 1782 hostibus
1620 1724 1870 1801 captivis
1921 1743 2086 1781 arma

250 1845 276 1884 9
299 1821 588 1898 adempta,
687 1820 963 1894 Tandem,
1007 1826 1081 1878 ut
1123 1821 1466 1879 abscesserit
1510 1820 1649 1879 inde
1702 1820 1971 1893 dictator,
2009 1827 2088 1880 -ut

298 1918 598 1977 obsidione
638 1917 931 1990 liberatos,
973 1922 1144 1975 extra
1184 1916 1408 1975 vallum
1458 1937 1712 1993 egressos
1756 1916 1974 1976 fudisse
2016 1936 2085 1975 ac

228 2047 277 2075 ιο
298 2016 527 2094 fugasse
552 2014 764 2073 hostes.
835 2013 995 2084 Quas
1021 2014 1096 2071 ob
1121 2033 1230 2087 res,
1253 2013 1304 2071 si
1330 2013 1609 2090 antiquus
1634 2013 1866 2072 animus
1889 2013 2083 2091 plebei

297 2159 340 2198 A
364 2157 439 2198 hm
461 2158 499 2198 Β
735 2110 1016 2169 Romame
1034 2116 1202 2185 esset,
1220 2111 1517 2168 audaciter
1541 2129 1604 2168 se
1628 2111 1889 2168 laturum
1908 2110 2085 2169 fuisse

296 2205 395 2245 ΜΟ
464 2158 698 2246 ‘um
734 2209 808 2267 de
848 2206 1179 2283 abrogando
1233 2206 1302 2277 Q.
1355 2206 1526 2265 Fabii
1577 2206 1865 2284 imperio;
1923 2226 2082 2264 nunc

298 2261 387 2290 ona
411 2252 496 2291 evel
508 2252 551 2289 in
562 2259 698 2299 power

298 2297 395 2337 with
410 2297 574 2345 1³¹⁸th
735 2305 1021 2362 modicam
1067 2304 1427 2379 rogationem
1467 2302 1971 2380 promulgaturum
2010 2303 2085 2361 de

228 2431 271 2459 ιι
299 2404 581 2482 aequando
625 2400 894 2479 magistri
934 2401 1202 2477 equitum
1248 2405 1311 2457 et
1356 2399 1658 2457 dictatoris
1709 2399 1852 2460 iure.
1956 2399 2086 2458 Nec

298 2508 500 2562 tamen
533 2519 611 2558 ne
658 2498 747 2557 ita
797 2496 1034 2574 quidem
1066 2496 1232 2572 prius
1264 2495 1621 2554 mittendum
1652 2496 1729 2553 ad
1762 2495 2083 2553 exercitum

299 2598 368 2669 Q.
427 2595 699 2667 Fabium,
744 2613 922 2671 quam
973 2592 1272 2651 consulem
1323 2592 1390 2649 in
1440 2591 1632 2650 locum
1687 2591 1749 2651 O.
1803 2591 2088 2650 Flaminii

299 2693 634 2752 suffecisset.

419 2789 694 2847 Dictator
718 2787 1086 2846 contionibus
1111 2804 1174 2844 se
1201 2784 1490 2843 abstinuit
1505 2784 1572 2842 in
1586 2784 1814 2843 actione
1838 2783 2081 2843 minime

296 2885 579 2965 populari.
664 2884 762 2943 Ne
810 2884 878 2943 in
918 2889 1128 2943 senatu
1165 2882 1406 2960 quidem
1445 2883 1591 2940 satis
1630 2882 1811 2959 aequis
1843 2883 2085 2940 auribus

295 2982 644 3040 audiebatur
672 2976 879 3062 [tunc]‚
907 2999 1091 3058 quum
1116 2980 1344 3039 hostem
1368 2979 1564 3038 verbis
1592 2977 1900 3035 extolleret
1926 2976 2085 3034 bien·

226 3107 273 3146 13
295 3080 494 3158 niique
520 3078 713 3138 clades
737 3097 843 3155 per
867 3076 1261 3136 temeritatem
1275 3081 1453 3152 atque
1471 3072 1838 3132 inscientiam
1864 3074 2080 3130 ducum

296 3180 558 3251 acceptas
582 3173 823 3231 referret
851 3181 904 3231 et
937 3171 1219 3248 magistro
1243 3171 1525 3248 equitum,
1556 3168 1712 3245 quod
1737 3174 1943 3226 contra
1968 3167 2085 3224 dic-

297 3278 427 3329 tum
451 3287 623 3328 suum
648 3273 976 3346 pugnasset,
1003 3268 1292 3325 rationem
1318 3265 1537 3324 diceret
1561 3264 1916 3323 reddendam
1941 3281 2078 3321 esse.

126 3335 362 3435 ‘suSi
400 3383 577 3444 penes
611 3383 674 3423 se
711 3382 938 3423 summa
976 3363 1208 3441 imperii
1239 3360 1582 3437 consiliique
1620 3360 1716 3433 sit,
1744 3359 2076 3437 propediem
2143 3361 2167 3406 '-
