2375 3842
911 254 1171 317 LIBER
1220 253 1436 315 XXII.
1951 252 2065 311 135

276 404 513 463 nomine
552 404 731 480 Busa,
771 424 986 483 genere
1025 403 1184 463 clara
1222 422 1291 461 ao
1329 399 1574 474 divitiis,
1611 397 1905 459 moenibus
1942 401 2068 456 tan-

277 507 409 559 tum
448 501 737 578 tectisque
775 520 814 558 a
852 499 1165 560 Canusinis
1205 503 1489 575 acceptos,
1530 496 1844 567 frumento,
1886 497 2065 564 veste,

277 600 496 659 viatico
548 599 726 658 etiam
773 599 946 672 iuvit,
993 617 1101 676 pro
1142 616 1261 675 qua
1302 595 1360 655 ei
1404 592 1810 653 munificentia
1850 596 2067 670 postea,
2104 580 2165 632 η’
2189 554 2356 615 ¹⁸⁴⁶*

278 694 431 753 bello
469 695 742 772 perfecto,
781 695 858 752 ab
897 698 1108 753 senatu
1145 692 1397 751 honores
1436 689 1628 750 habiti
1665 695 1821 749 sunt.
1909 687 2071 746 Oete-
2098 685 2171 744 53

277 812 412 850 rum
440 810 623 870 quum
647 792 735 849 ibi
760 791 986 850 tribuni
1014 787 1275 848 militum
1303 794 1587 865 quattuor
1610 792 1824 858 essent,
1850 785 2071 844 Fabius

279 886 583 945 Maximus
625 886 699 945 de
739 885 968 965 legione
1008 883 1216 963 prima,
1257 885 1425 944 cuius
1464 891 1632 961 pater
1670 908 1753 948 Pro
1772 910 1857 948 oet·
1893 908 1940 947 or
1973 908 2071 948 eml-

279 983 472 1061 priore
499 1003 655 1042 anno
680 983 935 1043 dictator
958 983 1168 1055 fuerat,
1198 982 1370 1040 etde
1403 981 1631 1059 legione
1671 963 1832 1048 ,νοιιιιιῗςΙι
1840 964 1990 1041 ῗιῗῖιῖἶ
1999 955 2071 1040 ‘¹¹⁸2
2093 1011 2117 1038 2

278 1082 533 1141 secunda
564 1080 630 1141 L
662 1080 968 1140 Publicius
1004 1079 1258 1138 Bibu1us
1293 1084 1357 1138 et
1390 1078 1460 1137 Ρ.
1490 1079 1630 1139 001·-
1668 1045 1954 1177 ffiffg
1997 1056 2071 1131 ᾗ

281 1179 473 1238 nelius
520 1177 715 1256 Scipio
757 1183 819 1237 et
861 1176 935 1236 de
975 1176 1207 1254 legione
1245 1176 1425 1235 tertia
1465 1176 1622 1253 App.
1668 1148 1963 1233 ggffifldnfi·
1973 1138 2072 1178 σοι’

282 1272 563 1333 Claudius
602 1272 872 1346 Pulcher,
903 1271 1008 1349 qui
1044 1269 1316 1349 proxime
1349 1268 1534 1328 sedilis
1568 1269 1777 1343 fuerat,
1807 1267 2070 1328 omnium
2097 1291 2122 1329 ³

281 1389 567 1429 consensu
591 1368 666 1428 ad
693 1369 760 1428 P.
787 1368 1120 1447 Scipionem
1147 1367 1462 1426 admodum
1488 1366 1890 1426 adolescentem
1914 1373 1968 1426 et
1992 1365 2077 1425 ad

280 1468 438 1544 App.
492 1465 806 1525 Claudium
846 1483 1077 1523 summa
1116 1462 1355 1540 imperii
1398 1461 1595 1521 delata
1636 1468 1741 1521 est.
1842 1460 2070 1531 Quibus
2097 1486 2121 1523 4

281 1558 749 1617 consultantibus
784 1556 943 1617 inter
976 1576 1190 1636 paucos
1225 1558 1299 1616 de
1332 1576 1562 1615 summa
1594 1575 1793 1616 rerum
1830 1555 2072 1615 nuntiat

282 1654 351 1713 P.
395 1653 614 1713 Furius
659 1653 886 1726 Philus,
929 1653 1251 1712 consularis
1296 1652 1413 1711 viri
1460 1653 1634 1727 filius,
1683 1652 2068 1732 nequicquam

281 1771 378 1810 eos
417 1752 708 1829 perditam
748 1770 914 1829 spem
949 1751 1187 1828 fovere3
1226 1750 1592 1828 desperatam
1636 1751 2071 1831 comploratam-

281 1868 396 1926 que
436 1869 565 1907 rem
622 1868 746 1909 esse
797 1847 1133 1926 publicam3
1199 1848 1425 1908 nobiles
1477 1847 1719 1908 iuvenes
1770 1848 2066 1928 quosdam,
2096 1871 2119 1909 s

282 1964 533 2021 quorum
584 1945 912 2023 principem
963 1945 1031 2005 L.
1079 1945 1382 2005 Caecilium
1424 1946 1751 2020 Metellum,
1796 1965 1957 2005 mare
2002 1965 2070 2005 ac

279 2061 460 2102 naves
506 2049 781 2120 spectare,
827 2048 900 2101 ut
946 2042 1176 2101 deserta
1222 2041 1406 2101 Italia
1449 2042 1527 2102 ad
1565 2062 1770 2122 regum
1816 2043 2067 2122 aliquem

280 2141 693 2217 transfugiant.
778 2139 952 2211 Quod
977 2139 1219 2212 malum,
1245 2145 1636 2216 praeterquam
1669 2146 1857 2213 atrox,
1896 2160 2071 2218 super
2096 2156 2121 2195 ⁶

282 2240 377 2292 tot
422 2235 610 2294 clades
658 2235 836 2293 etiam
881 2253 1120 2308 novum,
1165 2253 1351 2312 quum
1395 2242 1632 2312 stupore
1678 2255 1745 2294 ac
1789 2236 2071 2296 miraculo

282 2331 543 2407 torpidos
578 2331 893 2405 defixisset,
922 2329 1028 2408 qui
1061 2330 1323 2405 aderant,
1352 2336 1415 2389 et
1449 2329 1755 2388 consilium
1775 2333 2073 2406 ,advocan-

282 2429 426 2486 dum
465 2429 537 2486 de
576 2447 645 2486 eo
684 2434 1000 2503 censerent,
1042 2433 1223 2506 negat
1268 2427 1499 2486 consilii
1538 2446 1665 2486 rem
1710 2447 1833 2487 esse
1875 2428 2070 2508 Scipio

281 2524 530 2599 iuvenis,
569 2525 766 2583 fatalis
805 2526 931 2583 dux
967 2525 1212 2584 huiusce
1250 2525 1408 2583 belli.
1489 2524 1850 2584 Audendum
1891 2532 2069 2603 atque
2095 2553 2120 2590 ⁷

282 2623 588 2699 agendum,
632 2640 754 2679 non
796 2621 1248 2680 consultandum
1288 2621 1377 2679 ait
1414 2619 1482 2680 in
1519 2626 1689 2680 tanto
1728 2622 1885 2681 malo
1924 2642 2061 2683 esse.

281 2717 452 2776 Irent
490 2737 688 2776 secum
723 2715 1020 2796 extemplo
1058 2716 1287 2788 armati,
1317 2715 1423 2792 qui
1459 2734 1585 2774 rem
1623 2716 1919 2793 publicam
1958 2717 2068 2775 sal-

279 2834 417 2873 vam
463 2814 725 2889 vellent3
778 2812 946 2872 nulla
990 2812 1204 2886 verius,
1248 2831 1425 2889 quam
1463 2812 1569 2870 ubi
1606 2832 1676 2871 ea
1715 2812 2059 2891 cogitentur,
2089 2833 2113 2872 s

280 2912 538 2971 hostium
566 2916 756 2970 castra
780 2928 917 2969 esse.
1004 2908 1210 2987 Pergit
1234 2910 1321 2968 ire
1348 2909 1727 2987 sequentibus
1760 2907 1961 2986 paucis
1999 2910 2066 2966 in
2090 2942 2115 2981 9

279 3011 601 3088 hospitium
626 3008 860 3068 Metelli
886 3013 963 3082 et,
993 3027 1177 3087 quum
1203 3007 1514 3067 concilium
1543 3006 1629 3065 ibi
1665 3006 1962 3079 iuvenum,
1993 3008 2066 3065 de

280 3108 491 3183 quibus
535 3107 785 3165 allatum
833 3111 975 3179 erat,
1024 3104 1360 3179 invenisset,
1403 3102 1610 3162 stricto
1655 3120 1829 3178 super
1874 3103 2065 3181 capita

279 3203 739 3262 consultantium
774 3202 985 3280 gladio,
1032 3206 1069 3239 “
1084 3200 1184 3259 Ex
1218 3200 1337 3259 mei
1371 3198 1556 3258 animi
1596 3198 1891 3259 sententia
1905 3199 1937 3227 '’
1976 3200 2063 3258 in-
2091 3236 2139 3261 ιο

278 3297 425 3375 quit,
458 3302 494 3333 “
509 3304 582 3356 ut
606 3318 711 3377 ego
735 3317 863 3357 rem
888 3285 1184 3375 publicam
1218 3296 1422 3375 populi
1457 3295 1715 3355 Romani
1748 3315 1870 3355 non
1908 3297 2062 3356 dese-

275 3414 401 3455 ram
427 3413 615 3472 neque
642 3396 825 3454 alium
851 3396 1038 3455 civem
1072 3395 1409 3454 Romanum
1445 3395 1707 3454 deserere
1740 3395 1971 3474 patim-3
2009 3395 2059 3454 si
2092 3421 2134 3448 ιι
