2375 3842
918 234 1206 308 'LJBER
1255 248 1443 310 XXI.
2006 250 2081 313 27

292 412 508 475 magna
560 398 949 475 trepidatione
1001 416 1071 457 ac
1121 416 1339 475 pavore
1383 396 1646 457 omnium
1686 394 2083 476 septingentos

294 496 510 554 milites
537 495 885 568 occiderunt,
917 513 1023 554 sex
1047 495 1217 572 signa
1249 495 1526 554 ademere.
1612 495 1779 554 Finis
1806 501 1869 555 et
1896 496 2083 554 Gallis
2107 529 2155 567 ι,

295 594 605 653 territandi
641 600 705 653 et
741 594 994 671 pavendi
1034 594 1154 652 fuit
1200 593 1498 668 Romanis,
1541 586 1613 652 ut
1651 613 1686 653 e
1724 594 1880 654 saltu
1918 594 2082 653 invio

293 696 470 768 atque
512 690 795 768 impedito
835 709 1086 750 evasere.
1170 690 1322 749 Inde
1368 691 1586 768 apertis
1627 690 1771 749 locis
1797 690 1966 750 facile
1991 697 2082 750 tu·

293 793 488 844 tantes
515 805 723 863 agmen
762 787 1019 845 Romani
1056 786 1404 859 Tannetum,
1448 787 1646 845 vicum
1685 787 2080 864 propinquum

294 882 472 956 Pado,
501 883 864 944 contendere.
949 883 1050 941 Ibi
1074 902 1137 941 se
1149 876 1533 941 munimento
1558 884 1635 942 ad
1666 889 1899 975 tempus
1930 903 2080 942 oom-
2105 914 2152 950 ⁴

291 980 696 1057 meatibusque
687 948 987 1038 fluminis
1026 984 1089 1037 et
1120 968 1543 1038 Brixianorum
1568 980 1747 1039 etiam
1776 980 2077 1039 Gallorum

291 1076 514 1134 auxilio
579 1076 858 1135 adversus
923 1083 1278 1135 crescentem
1342 1077 1408 1134 in
1462 1077 1587 1136 dies
1637 1077 2081 1137 multitudinem

290 1173 548 1231 hostium
579 1174 946 1237 tutabantur.
1031 1174 1152 1244 Qui
1189 1174 1486 1235 tumultus
1524 1193 1732 1251 repens
1769 1182 2078 1251 postquam
2103 1184 2180 1243 26

291 1277 382 1327 est
407 1269 657 1328 Romam
681 1252 958 1347 perlatus,
987 1278 1050 1331 et
1085 1270 1380 1329 Punicum
1419 1270 1661 1347 insuper
1699 1270 1926 1329 Gallico
1963 1270 2081 1328 bel-

289 1366 415 1424 lum
446 1372 684 1425 auctum
718 1375 917 1444 patres
952 1375 1321 1444 acceperunt,
1362 1366 1426 1426 O.
1471 1366 1733 1425 Atilium
1771 1373 2079 1444 praetorem
2104 1401 2129 1428 a

288 1482 425 1521 cum
450 1482 571 1522 una
594 1463 819 1540 legione
845 1464 1206 1523 Romana'et
1231 1465 1492 1542 quinque
1510 1439 2076 1537 milibus⁸sociorum,

288 1560 510 1618 dilectu
535 1578 691 1618 novo
714 1580 751 1618 a
776 1561 1012 1620 consule
1037 1560 1395 1638 conscriptis,
1425 1561 1717 1620 auxilium
1740 1560 1893 1619 ferre
1912 1560 2082 1618 Man·

287 1656 370 1715 lio
395 1657 628 1730 iubent3
666 1657 770 1734 qui
795 1658 922 1715 sine
948 1658 1071 1717 ullo
1109 1658 1430 1716 certamine
1471 1658 1888 1739 (abscesserant
1920 1657 2079 1715 enim

257 1790 262 1796 -
286 1761 451 1811 metu
476 1753 691 1829 hostes)
721 1753 1053 1813 Tannetum
1078 1756 1367 1831 pervenit.
1873 1814 1954 1859 k

408 1849 491 1908 Et
537 1849 605 1910 Ρ.
651 1849 973 1923 Cornelius,
1016 1851 1082 1909 in
1113 1851 1319 1910 locum
1362 1853 1507 1924 eius,
1552 1871 1681 1930 quae
1726 1854 1905 1911 missa
1946 1871 2077 1910 cum
2103 1878 2126 1917 ³

277 1952 530 2025 'praetore
556 1952 699 2019 erat,
729 1948 946 2024 scripta
969 1946 1195 2024 legione
1220 1967 1391 2022 nova,
1419 1950 1635 2026 profec-
1671 1946 2084 2085 (ῗῇξοωᾛκῃῗ

284 2053 384 2103 tus
435 2046 512 2103 ab
563 2046 708 2111 urbe
773 2045 1081 2121 sexaginta
1141 2046 1333 2124 longis
1385 2049 1638 2106 navibus
1677 2088 1723 2123 ω
1676 2039 1881 2124 ὼὴῑζζξ
1900 2043 1978 2124 ’,ἶο
1995 2040 2080 2124 ¹:33

284 2148 496 2219 praeter
521 2161 684 2199 oram
710 2141 966 2199 Etruriae
987 2142 1388 2221 Ligurumque
1414 2150 1476 2202 et
1500 2145 1639 2202 inde
1677 2140 1804 2222 {22⁰⁹
1841 2130 1888 2171 ⁰¹
1921 2130 2081 2170 Μ

287 2236 528 2312 Salyum
561 2232 789 2295 montes
822 2240 1094 2315 pervenit
1141 2239 1484 2311 Massiliam,
1528 2247 1591 2298 et
1628 2240 1701 2297 ad
1744 2242 2077 2317 proximum
2101 2264 2126 2300 4

285 2334 502 2391 ostium
529 2332 807 2392 Rhodani
838 2333 1130 2412 (pluribus
1156 2336 1317 2392 enim
1343 2335 1568 2393 divisus
1594 2338 1783 2393 amnis
1818 2337 1884 2395 in
1915 2357 2074 2396 mare

289 2426 566 2510 decurrit)
593 2436 783 2488 castra
812 2431 984 2504 locat,
1021 2431 1272 2489 vixdum
1312 2432 1457 2489 satis
1495 2433 1735 2493 credens
1771 2432 2077 2491 Hanniba-

283 2526 403 2584 lem
443 2543 742 2602 superasse
782 2526 1093 2603 Pyrenaeos
1137 2533 1381 2586 montes.
1466 2528 1655 2598 Quem
1695 2534 1768 2587 ut
1806 2529 1881 2587 de
1919 2529 2077 2588 Rho-
2099 2554 2123 2593 s

284 2620 426 2682 dani
467 2641 699 2700 quoque
746 2624 1003 2683 transitu
1052 2623 1278 2699 agitare
1315 2623 1753 2700 animadvertit,
1795 2625 2071 2701 incertus,

283 2739 539 2798 quonam
586 2719 643 2780 ei
688 2717 814 2776 loco
859 2726 1204 2791 occurreret,
1249 2721 1499 2779 necdum
1539 2723 1683 2780 satis
1726 2724 1959 2782 refectis
2000 2725 2076 2782 ab

283 2816 597 2875 iactatione
621 2815 922 2873 maritima
953 2815 1260 2889 militibus,
1290 2823 1580 2877 trecentos
1619 2820 1857 2879 interim
1895 2820 2075 2878 deleo-

284 2921 376 2971 tos
401 2913 627 2991 equites
655 2912 900 2970 ducibus
920 2912 1387 2972 Massiliensibus
1406 2922 1469 2974 et
1482 2916 1869 2975 auxiliaribus
1887 2916 2075 2975 Gallis

283 3010 360 3068 ad
385 3010 741 3087 exploranda
766 3009 966 3068 omnia
989 3009 1375 3088 visendosque
1409 3030 1487 3069 ex
1525 3017 1658 3070 tuto
1696 3012 1895 3071 hostes
1933 3032 2075 3090 prae-

283 3106 486 3165 mittit.
572 3105 894 3180 Hannibal,
923 3106 1130 3166 ceteris
1155 3114 1321 3166 metu
1348 3114 1454 3166 aut
1478 3109 1668 3185 pretio
1693 3110 1930 3186 pacatis,
1954 3110 2072 3170 iam
2096 3133 2121 3173 ⁶

283 3202 348 3259 in
368 3202 690 3262 Volcarum
714 3209 1062 3280 pervenerat
1086 3223 1311 3285 agrum,
1334 3206 1528 3280 gentis
1543 3205 1767 3264 validae.
1853 3206 2073 3267 Colunt

284 3308 483 3374 autem
507 3300 659 3358 circa
683 3308 992 3378 utramque
1017 3301 1208 3377 ripam
1244 3300 1522 3358 Rhodani
1528 3318 1549 3375 3
1588 3302 1691 3359 sed
1716 3302 1905 3377 diffisi,
1933 3304 2073 3363 cite·

283 3394 438 3454 riore
461 3413 600 3473 agro
631 3398 816 3457 arceri
854 3396 1104 3455 Poenum
1142 3416 1325 3475 posse,
1368 3404 1440 3455 ut
1478 3397 1697 3457 fiumen
1735 3418 1842 3477 pro
1879 3403 2069 3460 muni-
