2375 3842
913 247 1172 316 LIBER
1205 247 1443 310 XXII.
1951 251 2068 311 131

285 394 572 455 evadendi
604 394 891 455 absumas.
973 393 1115 468 Abi,
1145 394 1360 454 nuntia
1396 394 1630 473 publioe
1667 395 1955 473 patribus,
1979 416 2076 456 m·-
2098 423 2150 453 ιο

282 495 417 552 bem
456 492 785 550 Romana-m
832 491 1107 550 muniant
1145 511 1233 566 ao,
1272 492 1615 571 priusquam
1658 492 1845 552 hostis
1883 494 2075 553 vietor

283 589 542 661 advenit,
590 588 876 666 praesidiis
927 588 1209 666 firment;
1273 589 1556 668 privatim
1610 589 1680 661 Q.
1740 589 1941 664 Fabio,
1998 590 2068 651 L.

279 687 594 748 AEmilium
622 691 1040 763 praeceptorum
1067 684 1194 745 eius
1219 705 1535 745 memorem
1560 693 1623 745 et
1640 686 1857 747 vixisse
1882 688 2072 747 adhuc

278 790 341 843 et
365 781 531 844 mori.
597 782 702 842 Me
727 782 794 840 in
818 783 929 841 hao
955 788 1152 860 strage
1169 783 1431 842 militum
1457 804 1722 843 meorum
1747 791 1950 863 patere
1975 805 2072 844 ex·
2097 813 2143 842 ιι

277 872 513 959 spirare,
541 899 619 938 ne
653 886 761 938 aut
787 899 922 938 reus
961 879 1179 938 iterum
1213 898 1249 939 e
1280 881 1589 940 consulatu
1622 880 1734 940 sim
1769 888 1877 940 aut
1908 902 2072 941 anou-

276 984 438 1036 sator
476 977 707 1053 eollegae
747 976 1016 1049 existam,
1056 983 1128 1035 ut
1165 976 1360 1037 alieno
1398 978 1641 1036 crimine
1674 978 2068 1039 innocentiam

275 1094 465 1132 meam
510 1072 856 1151 protegam.”
939 1073 1088 1131 Haeo
1133 1093 1230 1132 eos
1271 1080 1515 1152 agentes
1553 1075 1719 1152 prius
1762 1076 1942 1135 turba
1978 1076 2068 1134 fu·
2094 1108 2140 1135 η

275 1170 564 1248 gientium
602 1171 835 1244 civium,
866 1168 1077 1229 deinde
1115 1170 1314 1229 hostes
1351 1190 1721 1249 oppressere3
1769 1173 2066 1234 consulem

275 1269 625 1344 ignorantes,
676 1267 808 1346 quis
851 1272 1019 1341 esset,
1068 1268 1314 1326 obruere
1352 1268 1503 1343 telis,
1547 1268 1870 1328 Lentulum
1907 1270 2067 1329 inter

275 1364 599 1422 tumultum
635 1363 898 1441 abripuit
939 1383 1136 1442 equus.
1223 1364 1376 1423 Tum
1412 1365 1672 1443 undique
1704 1365 1885 1428 effuse
1918 1366 2067 1445 fugi-
2092 1401 2138 1439 23

274 1465 400 1521 unt.
477 1459 713 1538 Septem
736 1461 925 1519 millia
948 1460 1257 1520 hominum
1282 1461 1350 1519 in
1373 1462 1603 1521 minora
1630 1469 1834 1540 eastra,
1865 1463 2063 1523 decem

272 1558 340 1615 in
375 1557 614 1630 maiora,
642 1555 759 1616 duo
798 1557 981 1616 ferme
1020 1559 1087 1616 in
1123 1557 1324 1617 vicum
1362 1557 1559 1635 ipsum
1600 1559 1834 1620 Cannas
1871 1561 2063 1637 perfu-

270 1659 504 1733 gerunt,
556 1653 661 1732 qui
706 1654 1004 1731 extemplo
1049 1675 1089 1714 a
1129 1654 1484 1715 Carthalone
1525 1660 1703 1734 atque
1744 1656 2059 1735 equitibus,

269 1750 435 1810 nullo
480 1751 849 1809 munimento
903 1755 1140 1828 tegente
1190 1749 1405 1824 vicum,
1463 1750 1851 1811 circumventi
1902 1758 2056 1818 sunt.

268 1846 489 1906 Consul
535 1846 702 1919 alter,
745 1866 850 1905 seu
892 1846 1044 1904 forte
1083 1865 1188 1905 seu
1226 1845 1469 1906 oonsilio
1515 1847 1670 1906 nulli
1707 1848 2060 1925 fugientium
2088 1880 2133 1916 ιι

265 1942 523 2002 insertus
562 1944 800 2022 agmini,
831 1959 966 2002 oum
1002 1944 1431 2021 quinquaginta
1460 1943 1584 2004 fere
1617 1944 1916 2024 equitibus
1940 1944 2059 2004 Ve-

265 2040 499 2099 nusiam
538 2041 811 2118 perfugit.
915 2039 1321 2118 Quadraginta
1359 2041 1619 2119 quinque
1658 2042 1848 2100 millia
1893 2042 2059 2120 quin·
2085 2079 2133 2117 1⁵

264 2138 430 2212 genti
455 2138 697 2214 pedites,
726 2136 844 2196 duo
870 2137 1058 2195 millia
1094 2136 1456 2215 septingenti
1480 2136 1724 2215 equites,
1752 2137 1863 2201 'tet
1886 2144 2059 2196 tanta

264 2252 445 2310 prope
471 2232 692 2291 civium
727 2233 1130 2310 sociorumque
1166 2252 1323 2311 pars,
1351 2233 1485 2291 oaesi
1519 2233 1834 2309 dicuntur3
1873 2234 1939 2290 in
1964 2235 2058 2293 his

264 2330 437 2386 ambo
484 2329 791 2387 consulum
839 2336 1170 2408 quaestores,
1210 2330 1292 2388 L.
1342 2329 1571 2387 Atilius
1618 2335 1680 2387 et
1725 2328 1792 2387 L.
1841 2329 2057 2389 Furius

265 2426 602 2501 Bibaculus,
632 2432 692 2484 et
719 2427 1126 2505 undetriginta
1154 2426 1386 2484 tribuni
1411 2425 1687 2499 militum,
1726 2425 2055 2485 consulares
2084 2439 2132 2476 16

260 2522 504 2600 quidam
529 2523 901 2600 praetoriique
927 2531 988 2583 et
1013 2523 1250 2582 aedilioii
1278 2520 1459 2602 (inter
1484 2541 1580 2581 eos
1609 2522 1712 2581 On.
1739 2522 2054 2583 Servilium

265 2619 585 2679 Geminum
627 2625 689 2678 et
739 2619 823 2679 M.
873 2620 1210 2678 Minucium
1259 2626 1590 2693 numerant,
1630 2620 1735 2698 qui
1777 2623 2055 2701 magister

263 2716 529 2794 equitum
553 2715 748 2794 priore
774 2735 945 2790 ann0,
976 2717 1203 2795 aliquot
1227 2717 1401 2775 annis
1425 2722 1565 2775 ante
1591 2718 1792 2778 oomul
1815 2720 2128 2800 fuerat),1⁷

263 2812 561 2891 octoginta
601 2819 882 2892 praeterea
924 2821 1031 2873 aut
1072 2821 1367 2874 senatores
1408 2821 1514 2873 aut
1561 2815 1665 2892 qui
1710 2835 1807 2875 eos
1848 2819 2055 2898 magis·

263 2917 456 2970 tratus
480 2912 810 2989 gessissent,
831 2912 1032 2970 unde
1014 2932 1080 2970 m
1106 2919 1378 2971 senatum
1401 2911 1518 2988 legi
1543 2912 1838 2988 deberent,
1868 2933 2052 2991 quum

263 3027 369 3065 sua
394 3008 698 3067 voluntate
724 3008 990 3067 milites
971 3028 1037 3067 m
1064 3009 1389 3087 legionibus
1415 3008 1559 3068 faeti
1582 3009 1791 3071 essent.
1863 3009 2096 3088 Captax
2078 3025 2125 3063 ιε

264 3123 333 3162 eo
359 3106 562 3181 proelio
597 3107 716 3184 tria
749 3107 938 3165 millia
970 3108 1238 3185 peditum
1264 3114 1325 3167 et
1350 3107 1576 3185 equites
1609 3108 1772 3166 mille
1796 3112 1859 3166 et
1884 3109 2056 3186 φήῃ-

263 3201 427 3275 genti
451 3201 743 3265 dicuntur.

383 3296 531 3356 Haeo
557 3306 646 3357 est
678 3320 875 3377 pugna
911 3295 1250 3374 Cannensis,
1278 3301 1515 3360 Aliensi
1550 3301 1702 3360 eladi
1737 3249 2048 3364 nobilitate
2077 3312 2153 3373 50

264 3413 385 3472 par,
414 3400 671 3455 ceterum
698 3403 769 3455 ut
793 3399 930 3472 illis,
961 3419 1089 3475 quae
1114 3405 1249 3477 post
1275 3418 1532 3477 pugnam
1549 3400 1819 3474 accidere,
1842 3400 2098 3475 levior,²

1710 3513 1878 3576 9—2
