2375 3842
320 244 403 314 ⁷2
1098 246 1196 305 LI
1199 245 1328 307 VII

888 829 993 903 LI
1012 829 1230 903 BER
1294 827 1554 903 XXII.

329 1163 452 1223 Ia!
477 1181 584 1221 ver
607 1159 958 1237 appetebat3
998 1156 1198 1233 itaque
1239 1155 1545 1219 Hannibal
1586 1174 1662 1212 ex
1695 1153 1957 1213 hibernis
1990 1173 2112 1212 mo·
2187 1182 2192 1193 ·

329 1299 538 1340 nanum
578 1298 726 1339 movod
766 1256 875 1329 vit,
924 1264 986 1313 et
1028 1254 1418 1331 nequicquam
1463 1258 1601 1310 ante
1641 1257 1881 1309 conatus
1921 1257 2109 1309 trans-

329 1346 730 1431 ffi¹fflr¹g¹2ffi
770 1353 1013 1410 cendere
1038 1350 1468 1427 Appenninum
1492 1348 1876 1407 intolerandis
1906 1349 2111 1425 frigor-

329 1403 732 1531 fflkidbbessssoehg}
765 1449 899 1506 ibus
936 1454 996 1506 et
1022 1468 1159 1506 cum
1194 1448 1425 1523 ingenti
1460 1444 1721 1521 periculo
1756 1452 2017 1504 moratus
2042 1464 2112 1503 ac

330 1532 400 1571 ‘¹²⁰
417 1530 484 1570 θ’
769 1552 946 1603 metu.
1036 1544 1212 1614 Galli,
1243 1562 1388 1619 quos
1415 1543 1621 1618 praedae
1648 1542 2113 1619 populationum-

332 1656 447 1713 que
471 1637 804 1694 conciverat
828 1654 975 1714 spen,
1005 1642 1317 1713 postquam
1342 1654 1448 1712 pro
1475 1655 1559 1706 eo,
1587 1642 1658 1693 ut
1681 1635 1796 1711 ipsi
1820 1653 1896 1691 ex
1921 1633 2114 1691 alieno

333 1751 474 1808 agre
498 1738 774 1809 raperent
797 1736 1166 1808 agerentque,
1198 1750 1331 1789 suas
1364 1736 1551 1789 terras
1586 1732 1784 1790 sedem
1816 1731 1957 1789 belli
1990 1748 2115 1787 esse

335 1828 638 1905 premique
663 1829 972 1904 utriusque
996 1828 1184 1903 partis
1219 1827 1583 1885 exercituum
1607 1826 1869 1902 hibernis
1894 1826 2111 1897 videre,

283 1956 309 1994 ³
335 1927 643 1980 verterunt
668 1928 826 1981 retro
852 1923 917 1980 in
941 1922 1344 1982 Hannibalem
1368 1923 1443 1980 ab
1470 1922 1754 1980 Romanis
1780 1923 1914 1980 odia
1923 1939 1943 1994 ς
1969 1919 2117 1998 peti-

336 2025 551 2095 tusque
577 2038 726 2096 saepe
745 2019 1080 2095 principum
1093 2019 1339 2093 insidiis,
1357 2019 1618 2096 ipsorum
1638 2020 1794 2078 inter
1810 2039 1872 2078 se
1890 2019 2113 2092 fraude,

335 2115 540 2174 eadem
575 2116 837 2190 levitate,
865 2136 985 2193 qua
1022 2122 1449 2188 consenserant,
1477 2134 1821 2175 consensum
1859 2115 2118 2174 indican—

336 2214 509 2287 tium,
556 2220 823 2283 servatus
866 2219 1008 2284 erat,
1036 2221 1097 2273 et
1137 2215 1422 2273 mutando
1467 2233 1626 2272 nunc
1672 2218 1914 2287 vestem,
1957 2231 2118 2270 nunc

335 2316 676 2387 tegumenta
713 2311 936 2388 capitis,
966 2331 1159 2369 errore
1198 2312 1376 2370 etiam
1417 2330 1541 2369 sese
1575 2312 1650 2368 ab
1684 2310 1916 2368 insidiis
1950 2327 2120 2366 mun·
2148 2374 2158 2384 ‚

287 2440 312 2478 4
336 2407 501 2466 ierat.
588 2407 863 2466 Ceterum
898 2409 995 2467 hic
1030 2427 1262 2485 quoque
1293 2408 1350 2466 ei
1384 2408 1563 2465 timor
1587 2426 1761 2466 causa
1783 2407 1903 2466 fuit
1928 2411 2118 2465 matu-

338 2506 460 2565 rius
485 2505 760 2563 movendi
786 2523 863 2562 ex
885 2506 1162 2565 hibernis.

457 2601 575 2659 Per
598 2599 756 2658 idem
770 2607 1003 2679 tempus
1029 2602 1136 2661 On.
1164 2601 1449 2660 Servilius
1467 2602 1670 2660 consul
1686 2601 1891 2659 Romae
1916 2599 2117 2658 idibus

287 2724 311 2764 s
337 2724 399 2764 At
435 2721 571 2762 Rome
608 2721 737 2761 meum
775 2699 1013 2758 Martiis
1063 2700 1474 2776 magistratum
1527 2698 1681 2757 iniit.
1770 2697 1871 2755 Ibi
1935 2716 2123 2774 quum

336 2768 737 2863 ffisstmmffigii}
776 2796 851 2853 de
888 2816 953 2854 re
985 2796 1219 2873 publica
1256 2795 1594 2867 rettulisset,
1623 2788 2030 2870 redintegrata
2055 2791 2122 2851 in

336 2859 628 2953 ΜΨ
697 2858 743 2898 ⁰¹
778 2894 844 2953 c.
874 2892 1233 2951 marafinium
1268 2891 1496 2949 invidia
1535 2897 1659 2952 ese:
1701 2890 1847 2948 duos
1886 2909 1949 2947 20
1988 2906 2121 2947 con·

338 2996 496 3057 sules
534 3012 772 3066 creasse,
817 3010 1006 3049 unum
1050 2989 1305 3060 habere3
1360 2988 1516 3063 qued
1561 2987 1720 3044 enim
1764 2986 1858 3043 illi
1896 2986 2123 3044 iustum

289 3113 318 3154 6
337 3092 664 3171 imperium,
716 3089 873 3166 qued
918 3085 1244 3163 auspicium
1290 3085 1458 3142 esse‘l
1556 3083 1940 3159 Magistratus
1977 3081 2041 3138 id
2085 3101 2124 3138 a

340 3189 528 3262 dome,
568 3186 819 3264 publicis
869 3183 1233 3261 privatisque
1297 3180 1624 3257 penatibus,
1674 3179 1906 3238 Latinis
1958 3177 2125 3236 feriis

339 3283 504 3355 actis,
544 3280 826 3340 sacrificio
863 3279 930 3336 in
961 3283 1162 3336 monte
1197 3274 1472 3352 perfecte,
1507 3273 1664 3333 votis
1699 3273 1815 3331 rite
1848 3273 1916 3330 in
1955 3273 2127 3350 Capi-

292 3403 317 3442 ²
342 3378 485 3439 tolio
524 3373 895 3451 nuncupatis,
924 3390 1120 3432 secum
1158 3371 1309 3428 ferre
1329 3389 1348 3443 3
1387 3387 1493 3426 nec
1530 3369 1829 3445 privatum
1866 3368 2127 3446 auspicia
