2375 3842
354 241 390 298 4
420 186 422 188 ’
1133 234 1389 298 ιΝΠ·

351 386 419 444 in
456 387 656 459 oculis,
693 388 965 445 habitum
997 388 1114 444 oris
1145 388 1616 464 lineamentaque
1655 387 1892 447 intueri.
1978 389 2131 447 Dein

350 485 518 542 brevi
553 483 761 557 effecit,
802 490 874 541 ut
909 490 1077 560 pater
1114 484 1179 541 in
1217 503 1278 542 se
1318 484 1629 560 minimum
1663 472 2025 565 momentum
2061 488 2131 544 ad

301 617 326 656 3
351 581 608 639 favorem
629 580 1057 638 conciliandum
1078 586 1245 640 esset.
1313 580 1637 656 Nunquam
1657 579 1963 657 ingenium
1981 581 2129 643 idem

350 679 425 735 ad
471 697 562 736 res
616 678 1056 750 diversissimas,
1102 679 1424 754 parendum
1479 683 1657 753 atque
1709 668 2129 755 imperandum,

351 774 604 832 habilius
645 775 777 834 fuit.
862 774 1074 851 Itaque
1114 774 1271 831 haud
1313 775 1481 831 facile
1523 776 1894 846 discerneres,
1932 783 2131 835 utrum
2239 834 2242 841 ,

301 897 323 932 4
350 871 688 949 imperatori
713 891 792 929 an
819 872 1102 929 exercitui
1129 871 1318 929 carior
1343 878 1533 947 essetf,
1576 891 1767 949 neque
1781 867 2133 931 ·Hasdrubal

350 968 534 1027 alium
568 982 921 1045 quemquam
956 968 1246 1044 praeficere
1282 968 1473 1039 malle,
1502 968 1619 1026 ubi·
1639 969 1783 1044 quid
1809 970 2042 1027 fortiter
2067 990 2133 1030 ac

349 1072 585 1124 strenue
632 1067 922 1141 agendum
964 1072 1133 1137 esset,
1176 1084 1367 1141 neque
1406 1064 1625 1123 milites
1664 1065 1781 1124 alio
1816 1065 1962 1125 duce
2001 1068 2131 1144 plus

301 1192 323 1228 s
348 1163 633 1221 confidere
668 1161 775 1219 aut
809 1163 1036 1221 audere.
1123 1161 1456 1219 Plurimum
1494 1161 1752 1219 audaciae'
1774 1163 1851 1220 ad
1876 1163 2133 1239 pericula

350 1259 712 1336 capessenda,
743 1258 1062 1335 plurimum
1094 1258 1326 1316 consilii
1360 1258 1517 1315 inter
1551 1258 1679 1334 ipsa
1703 1259 1962 1335 pericula
1987 1269 2126 1319 erat.

262 1417 266 1421 ⁴
352 1356 534 1415 Nullo
561 1356 756 1413 labore
792 1362 897 1412 aut
924 1372 1130 1430 corpus
1165 1355 1403 1430 fatigari
1435 1361 1541 1411 aut
1576 1354 1807 1413 animus
1842 1356 2002 1414 vinci
2035 1376 2131 1434 po-

301 1476 325 1515 6
347 1458 513 1513 terat.
599 1451 823 1511 Oaloris
856 1472 922 1510 ac
958 1451 1191 1528 frigoris
1227 1451 1516 1527 patientia
1550 1470 1696 1527 par3
1749 1452 1867 1510 cibi
1903 1454 2130 1530 potion-

345 1549 510 1626 isque
537 1549 820 1606 desiderio
859 1548 1135 1620 naturali,
1165 1567 1284 1605 non
1310 1548 1615 1625 voluptate
1655 1549 1862 1606 modus
1898 1551 2102 1610 finitus
2113 1574 2130 1626 ;

290 1664 293 1665 ⁷
345 1646 680 1723 vigiliarum
720 1645 1022 1721 somnique
1065 1664 1171 1702 nec
1224 1645 1321 1702 die
1362 1665 1471 1702 nec
1512 1651 1685 1703 nocte
1730 1645 2131 1706 discriminata

297 1784 321 1821 ⁷
346 1748 643 1820 tempora3
688 1742 767 1813 id,
814 1742 974 1818 quod
1015 1742 1284 1818 gerendis
1331 1722 1505 1800 relwus
1558 1750 1897 1820 superesset,
1942 1745 2130 1820 quieti

345 1841 548 1898 datum
569 1859 587 1912 3
627 1859 697 1897 ea
722 1858 911 1916 neque
937 1838 1100 1895 molli
1127 1844 1313 1896 strato
1338 1857 1528 1915 neque
1554 1838 1787 1898 silentio
1817 1842 2128 1914 accersita5

346 1936 521 1994 multi
574 1954 720 2011 saepe
771 1935 1016 1992 militari
1069 1936 1270 2011 sagulo
1323 1942 1592 2011 opertum
1633 1936 1801 1994 humi
1842 1937 2128 1996 iacentem

344 2033 503 2091 inter
553 2032 844 2090 custodias
896 2031 1293 2107 stationesque
1358 2032 1619 2090 militum
1679 2036 2124 2110 conspexerunt.

294 2159 319 2198 3
343 2131 613 2189 Vestitus
654 2129 806 2187 nihil
858 2128 1015 2186 inter
1059 2128 1309 2205 aequales
1355 2129 1684 2202 excellens3
1739 2149 1905 2188 arma
1949 2140 2127 2208 atque

342 2229 480 2305 equi
499 2227 1016 2304 conspiciebantur.
1074 2226 1362 2302 Equitum
1383 2212 1762 2302 peditumque
1780 2227 1937 2286 idem
1957 2229 2129 2306 longe

341 2326 564 2402 primus
609 2330 774 2398 erat3
816 2324 1084 2401 princeps
1122 2324 1187 2380 in
1228 2322 1499 2399 proelium
1537 2323 1679 2395 ibat,
1713 2324 1961 2383 ultimus
1999 2345 2130 2384 con-

289 2455 315 2493 9
341 2430 496 2482 serto
530 2422 737 2499 proelio
775 2420 1107 2480 excedebat.
1195 2420 1326 2477 Has
1361 2425 1559 2477 tantas
1598 2420 1714 2477 viri
1748 2421 2003 2480 virtutes
2041 2423 2129 2480 in·

341 2519 544 2596 gentia
581 2517 733 2575 vitia
780 2518 1104 2594 aequabant,
1146 2516 1471 2574 inhumana
1512 2517 1839 2590 crudelitas,
1884 2520 2128 2594 perfidia

340 2616 474 2692 plus
503 2633 681 2691 quam
707 2613 947 2686 Punica,
977 2613 1128 2670 nihil
1155 2612 1299 2685 veri,
1323 2612 1474 2670 nihil
1500 2613 1704 2686 sancti,
1726 2615 1926 2673 nullus
1951 2618 2126 2674 deum

266 2746 314 2773 ,ο
338 2717 546 2782 metus,
578 2709 808 2767 nullum
843 2709 936 2767 ius
968 2709 1302 2782 iurandum,
1330 2710 1495 2767 nulla
1529 2710 1750 2786 religio·
1837 2711 1989 2769 Cum
2015 2713 2126 2770 hac

338 2806 535 2865 indole
572 2805 864 2863 virtutum
904 2811 1081 2882 atque
1114 2806 1398 2864 vitiorum
1432 2806 1692 2865 triennio
1722 2808 1833 2865 sub
1860 2808 2126 2866 Hasdru-

335 2904 468 2962 bale
509 2901 859 2979 imperatore
900 2901 1133 2974 meruit,
1173 2903 1339 2960 nulla
1376 2922 1457 2976 re,
1492 2922 1621 2978 quae
1668 2904 1894 2980 agenda
1928 2905 2127 2963 viden-

337 3001 525 3077 daque
550 3018 762 3076 magno
788 2999 990 3057 futuro
1016 2997 1151 3057 duci
1178 3005 1344 3070 esset,
1374 3000 1774 3076 praetermissa.

273 3100 310 3159 5
457 3097 748 3168 Ceterum,
769 3115 845 3153 ex
872 3114 989 3171 quo
1015 3095 1112 3153 die
1130 3096 1256 3153 dux
1274 3103 1364 3154 est
1392 3096 1734 3170 declaratuS,
1756 3098 1925 3157 velut
1945 3100 2125 3159 Italia

335 3242 523 3328 m
769 3193 2123 3366 ssffifflssissfflssfflzfiffffl

285 3332 309 3360 ⁰
336 3335 504 3376 reduces
528 3337 598 3375 tho
614 3335 733 3375 Olea·

332 3382 406 3422 ‘¹⁶⁸
769 3405 846 3445 ne
893 3405 955 3446 se
1007 3405 1262 3464 quoque,
1306 3393 1378 3444 ut
1420 3393 1646 3465 patrem
1701 3386 2120 3455 Hamilcarem,
