2375 3842
285 237 364 296 74
938 287 945 297 .
1073 230 1305 296 LIVII
1377 246 1385 255 “

284 402 423 442 men
469 403 717 442 aureum
767 384 962 462 pondo
1017 384 1447 461 quinquaginta
1497 384 1698 454 fieret,
1737 391 1790 439 et
1859 381 2096 461 Iunoni·

285 478 692 557 Minervaeque
745 499 823 538 ex
875 486 1118 557 argento
1171 480 1328 538 dona
1376 480 1673 552 darentur,
1730 485 1793 537 et
1860 478 2088 539 Iunoni

285 577 503 651 reginoe
541 576 609 633 in
648 576 958 634 Aventino
998 577 1336 653 Iunonique
1377 577 1621 652 Sospitae
1663 576 1926 635 Lanuvii
1965 596 2089 635 ma-

285 676 508 734 ioribus
539 676 750 734 hostiis
785 676 1225 749 sacrificaretur,
1255 683 1652 752 matronaeque
1686 677 1938 752 pecunia
1974 677 2090 735 col-

212 785 259 833 ιδ
286 772 427 845 lata,
449 778 740 848 quantum
763 773 1027 831 conferre
1047 772 1257 848 cuique
1278 771 1644 829 commodum
1664 777 1832 844 esset,
1857 772 2085 830 donum

287 867 510 925 Iunoni
533 867 752 943 reginae
778 868 845 925 in
869 866 1248 924 Aventinum
1274 867 1508 935 ferrent,
1538 866 2092 942 lectisterniumque

287 960 472 1032 fieret,
510 967 573 1018 et
612 965 685 1016 ut
723 960 1015 1018 libertinae
1056 965 1120 1017 et
1157 960 1316 1035 ipsae,
1361 959 1517 1017 unde
1557 959 1821 1017 Feroniae
1863 959 2093 1019 donum

286 1056 542 1127 dat-etin,
592 1055 906 1132 pecuniam
960 1075 1070 1132 pro
1121 1055 1505 1113 facultatibus
1556 1057 1677 1113 suis
1729 1056 2087 1115 conferrent.

212 1178 259 1215 ¹9
288 1152 437 1211 Haec
462 1152 569 1209 ubi
593 1152 770 1225 facta,
794 1150 1112 1210 decemviri
1129 1151 1345 1208 Ardeae
1371 1151 1438 1208 in
1461 1151 1591 1209 foro
1615 1153 1938 1210 maioribus
1958 1153 2094 1210 hos·

287 1249 390 1307 tiis
422 1249 841 1308 sacrificarunt.
928 1248 1236 1308 Postremo
1267 1248 1580 1306 Decembri
1610 1249 1731 1306 iam
1770 1268 1975 1307 mense
2013 1248 2095 1307 ad

286 1346 469 1404 aedem
499 1345 748 1404 Saturni
774 1345 980 1403 Romae
1005 1345 1379 1405 immolatum
1409 1350 1514 1417 est,
1544 1344 2097 1423 lectisterniumque

286 1442 643 1519 imperatum
689 1438 827 1521 ([et]
871 1461 1007 1499 eum
1038 1441 1259 1499 lectum
1294 1446 1586 1498 senatores
1621 1442 1991 1519 straverunt)
2030 1449 2098 1502 et

209 1570 262 1597 20
288 1539 636 1600 convivium
660 1538 981 1613 publicum,
1009 1558 1078 1594 ac
1103 1557 1211 1614 per
1234 1537 1441 1596 urbem
1467 1538 1806 1596 Saturnalia
1832 1538 1996 1597 diem
2024 1559 2100 1597 ac

288 1641 525 1694 noctem
559 1634 829 1705 clamata,
859 1634 1224 1709 populusque
1262 1653 1397 1690 eum
1433 1634 1590 1692 diem
1622 1634 1844 1691 festum
1874 1635 2099 1694 habere

151 1741 267 1815 &X
290 1750 361 1790 ac
388 1749 621 1788 servare
646 1729 716 1786 in
740 1735 1092 1805 perpetuum
1116 1730 1323 1786 iussus.

221 1831 259 1888 2
412 1826 579 1885 Dum
621 1824 827 1884 consul
867 1825 1168 1901 placandis
1208 1825 1413 1882 Romae
1453 1825 1545 1883 dis
1582 1825 1970 1904 habendoque
2010 1827 2104 1886 di-

292 1944 507 1985 nannnnl
555 1944 700 1982 makes
738 1923 897 1980 lectu
962 1921 1066 1979 dat
1113 1940 1364 1997 operam,
1422 1921 1729 1980 Hannibal
1794 1925 2102 1999 profectus

291 1992 433 2031 hicn
471 1990 568 2028 with
580 1993 700 2036 great
902 2018 914 2031 .
1070 2017 1084 2030 .
1272 2017 1285 2030 .
1390 2018 1403 2031 .
1720 2019 1734 2032 .
1786 2020 1801 2033 .

448 2038 496 2082 ty
517 2035 698 2080 through
740 2039 817 2078 ex
855 2018 1134 2088 hibernis,
1186 2036 1327 2092 quia
1385 2036 1505 2074 iam
1545 2018 1910 2077 Flaminium
1963 2041 2104 2079 con-

290 2082 565 2175 Quantam
574 2081 619 2120 οἵ
627 2082 700 2119 the
738 2116 927 2175 sulem
978 2114 1292 2172 Arretium
1347 2114 1677 2190 pervenisse
1729 2116 1891 2174 fama
1945 2124 2102 2198 erat,

237 2244 263 2272 ο
293 2238 481 2297 quum
547 2214 712 2275 aliud
769 2214 1016 2289 longine,
1073 2217 1332 2268 ceterum
1397 2196 1754 2268 commodius
1830 2216 2106 2272 ostende-

290 2322 461 2374 retur
513 2315 646 2386 iter,
689 2309 1022 2387 propiorem
1060 2307 1224 2364 viam
1262 2324 1368 2382 per
1420 2306 1694 2382 paludem
1754 2310 1925 2384 petit,
1980 2329 2107 2386 quo

290 2412 512 2471 fluvius
555 2410 762 2466 Arnus
801 2424 907 2482 per
945 2422 1044 2461 eos
1083 2402 1209 2469 dies
1248 2402 1421 2459 solito
1461 2402 1645 2478 magis
1678 2404 2100 2466 inundaverat,

238 2528 264 2566 3
294 2509 601 2585 Hispanos
628 2511 691 2562 et
715 2503 900 2561 Afros
942 2500 1029 2578 (id
1067 2517 1241 2556 omne
1267 2498 1534 2554 veterani
1565 2505 1692 2556 erat
1716 2501 1900 2569 robur
1935 2521 2110 2560 exer.

292 2603 477 2680 citus)
537 2598 822 2659 admixtis
876 2597 1140 2673 ipsorum
1186 2593 1638 2669 impedimentis,
1694 2597 1913 2655 necubi
1967 2617 2109 2657 con.

291 2702 502 2761 sistere
538 2695 756 2755 coactis
793 2691 1118 2751 necessaria
1156 2690 1232 2747 ad
1270 2708 1413 2746 usus
1450 2688 1733 2764 deessent,
1760 2694 1987 2769 primos
2012 2695 2109 2755 ire

291 2796 510 2868 iussit3
551 2791 721 2868 sequi
749 2788 972 2859 Gallos,
999 2792 1072 2843 ut
1095 2786 1160 2843 id
1186 2785 1438 2861 agminis
1470 2786 1733 2843 medium
1767 2795 1924 2847 <esset
1938 2809 1957 2863 3
2001 2810 2111 2850 no-

239 2913 268 2951 4
294 2894 569 2954 vissimos
612 2891 699 2947 ire
746 2885 1013 2963 equites3
1073 2882 1391 2957 Magonem
1434 2880 1574 2938 inde
1616 2901 1752 2939 cum
1805 2886 2112 2961 expeditis

290 2989 579 3052 Numidis
607 3001 812 3061 cogere
833 2999 1059 3057 agmen,
1082 2977 1342 3034 maxime
1369 2974 1585 3047 Gallos,
1605 2976 1659 3033 si
1676 2978 1854 3035 taedio
1880 2979 2114 3041 laboris

289 3091 596 3165 longaeque
623 3082 754 3151 viae,
783 3083 857 3136 ut
882 3082 972 3135 est
997 3074 1194 3132 mollis
1229 3071 1305 3129 ad
1339 3071 1483 3128 talia
1507 3090 1665 3146 gens,
1696 3074 2116 3137 dilaberentur

238 3214 264 3255 3
290 3193 399 3245 aut
433 3182 842 3248 subsisterent,
872 3172 1258 3231 cohibentem.
1342 3166 1547 3239 Primi,
1581 3186 1701 3243 qua
1742 3170 1918 3229 modo
1959 3192 2118 3249 prae..

288 3285 450 3342 irent
477 3280 676 3349 duces,
704 3292 811 3351 per
835 3268 1110 3347 praealtas
1136 3263 1308 3322 fluvii
1333 3281 1402 3319 ac
1426 3263 1746 3338 profundas
1771 3269 2113 3345 voragines,

290 3376 495 3440 hausti
534 3391 704 3454 paene
735 3370 880 3428 limo
910 3364 1438 3439 immergentesque
1473 3376 1552 3431 se,
1582 3365 1783 3418 tamen
1820 3361 1996 3439 signa
2024 3385 2121 3426 se..
