2375 3842
894 193 1158 266 ‘LIBER
1209 206 1437 269 XXJL
1949 159 2063 266 125

275 356 496 416 milites
532 356 723 414 solum
763 355 982 414 mixtos
1020 374 1098 413 ex
1133 354 1460 413 colluvione
1492 352 1756 412 omnium
1780 354 2064 430 gentium,

278 455 380 513 sed
407 453 585 512 etiam
611 451 770 530 apud
797 451 1005 509 ducem
1030 451 1227 529 ipsum
1253 451 1610 510 oriebantur.
1694 450 1857 509 Nam
1884 462 2067 527 quum
2093 479 2117 517 3

279 551 452 609 initio
497 549 788 621 fremitus,
834 548 1046 607 deinde
1086 553 1292 626 aperta.
1335 548 1678 606 vociferatio
1722 546 1931 606 fuisset
1973 565 2070 604 ex-

279 646 644 725 poscentium
697 645 1055 722 stipendium
1109 646 1376 703 debitum
1430 646 1918 721 querentiumque
1972 662 2071 701 an-

279 736 496 824 nonam
522 742 729 820 primo,
756 748 1050 819 postremo
1075 742 1306 814 famem,
1336 747 1399 800 et
1422 742 1807 801 mercenarios
1832 740 2068 814 milites,

281 829 539 899 maxime
580 839 842 916 Hispani
882 839 1129 915 generis,
1175 839 1249 897 de
1292 839 1642 898 taunsitione
1687 838 1905 918 cepisse
1941 857 2073 897 con·

281 936 482 995 silium
520 936 680 994 fama
721 943 889 1008 esset,
931 936 1057 1013 ipse
1097 936 1275 996 etiam
1314 936 1613 995 interdum
1653 934 1961 993 Hannibal
2000 934 2073 992 de
2101 958 2122 995 4

283 1033 424 1110 fuga
448 1033 516 1090 in
543 1032 795 1090 Galliam
816 1032 1034 1091 dicitur
1058 1035 1322 1111 agitasse,
1351 1034 1440 1092 ita
1462 1039 1550 1106 ut,
1577 1033 1781 1092 relicto
1808 1032 2073 1110 peditatu

283 1130 463 1202 omni,
510 1149 645 1188 cum
680 1130 978 1207 equitibus
1016 1149 1080 1189 se
1119 1115 1512 1209 proriperent
1545 1129 1743 1200 Quum
1782 1129 1905 1188 haec
1944 1148 2074 1186 con·
2098 1150 2122 1189 ⁵

279 1226 415 1286 eilia
468 1233 647 1305 atque
699 1227 797 1285 hic
858 1228 1093 1286 habitus
1146 1228 1477 1286 animorum
1530 1233 1682 1286 esset
1732 1227 1800 1285 in
1850 1225 2071 1297 castris,

285 1343 521 1383 movere
561 1324 701 1383 inde
746 1326 963 1384 statuit
1006 1326 1072 1383 in
1112 1326 1390 1383 calidiora
1427 1332 1606 1402 atque
1646 1343 1715 1383 eo
1753 1323 2077 1382 maturiora

286 1421 568 1479 messibus
604 1421 841 1499 Apuliae
881 1422 1025 1497 loca,
1065 1422 1240 1480 simul
1280 1432 1364 1495 ut,
1399 1442 1516 1499 quo
1552 1422 1783 1499 longius
1808 1422 1884 1479 ab
1909 1420 2075 1478 hoste

285 1520 628 1592 recessisset,
666 1520 993 1596 transfugia
1029 1520 1403 1597 impeditiora
1442 1519 1670 1577 levibus
1707 1518 1960 1596 ingeniis
1993 1536 2076 1575 es-

288 1622 433 1676 sent.
520 1616 829 1676 Profectus
868 1623 963 1676 est
1000 1624 1172 1675 nocte
1211 1616 1448 1695 ignibus
1488 1616 1762 1675 similiter
1786 1615 1958 1675 factis
1990 1620 2076 1672 ta·
2101 1634 2126 1673 ⁶

288 1714 729 1791 bernaculisque
764 1716 966 1792 paucis
995 1715 1061 1773 in
1089 1715 1338 1792 speciem
1364 1714 1601 1788 relictis,
1631 1720 1704 1772 ut
1727 1714 2075 1772 insidiarum

288 1830 396 1886 par
432 1810 616 1887 priori
652 1818 844 1870 metus
873 1813 1207 1871 contineret
1248 1813 1559 1871 Romanos.
1645 1811 1761 1871 Sed
1796 1830 1903 1888 per
1935 1830 2076 1869 eun·
2102 1841 2125 1879 7

288 1909 419 1964 dem
450 1906 755 1966 Lucanum
777 1909 1078 1967 Statilium
1099 1910 1373 1969 omnibus
1390 1910 1552 1968 ultra
1578 1915 1769 1968 castra
1795 1915 2075 1984 transque

289 2010 517 2062 montes
556 2005 889 2082 exploratiS,
933 2027 1114 2083 quum
1155 2008 1406 2065 relatum
1446 2013 1615 2078 esset,
1653 2006 1849 2063 visum
1874 2004 2077 2081 procul

288 2100 548 2159 hostium
576 2122 800 2178 agmen,
830 2109 962 2160 tum
1003 2105 1075 2161 de
1108 2104 1472 2180 insequendo
1497 2123 1568 2161 eo
1595 2102 1840 2160 consilia
1865 2101 2077 2178 agitari

286 2204 494 2273 coepta.
578 2198 777 2267 Quum
820 2183 1129 2276 utriusque
1182 2200 1436 2257 consulis
1488 2199 1706 2270 eadem,
1764 2217 1893 2274 quae
1938 2203 2076 2255 ante
2104 2214 2129 2253 a

292 2313 534 2369 semper,
562 2294 770 2353 fuisset
795 2296 1105 2367 sententia,
1137 2303 1397 2353 ceterum
1424 2295 1685 2351 Varroni
1710 2294 1832 2351 fere
1858 2312 2074 2364 omnes,

295 2391 483 2449 Paulo
509 2410 679 2448 nemo
709 2401 922 2468 praeter
969 2393 1304 2464 Servilium,
1340 2391 1551 2468 prioris
1583 2390 1726 2448 anni
1763 2390 2076 2460 consulem,

291 2488 691 2561 assentiretur,
732 2490 968 2548 maioris
1006 2489 1191 2566 partis
1231 2490 1523 2546 sententia
1563 2488 1639 2546 ad
1684 2486 2078 2546 nobilitandas
2100 2504 2127 2545 9

292 2586 456 2644 clade
483 2586 754 2644 Romana
780 2586 1010 2644 Cannas
1036 2594 1284 2662 urgente
1310 2586 1433 2643 fato
1458 2585 1701 2663 profecti
1726 2589 1881 2643 sunt.
1941 2583 2080 2641 Pro—
2109 2612 2157 2638 ιο

296 2704 368 2760 pe
396 2705 529 2743 eum
555 2685 753 2741 vicum
781 2684 1086 2741 Hannibal
1114 2688 1304 2740 castra
1337 2689 1610 2760 posuerat
1636 2701 1840 2740 aversa
1866 2701 1903 2739 a
1927 2680 2079 2738 Vul-

295 2788 472 2841 turno
492 2793 686 2856 vent0‚
712 2781 815 2858 qui
835 2782 1054 2856 campis
1074 2780 1314 2838 torridis
1333 2780 1592 2839 siccitate
1613 2780 1798 2854 nubes
1819 2778 2080 2855 pulveris

294 2880 474 2940 vehit.
564 2881 637 2938 Id
666 2899 849 2956 quum
876 2877 1017 2954 ipsis
1045 2878 1248 2935 castris
1283 2879 1751 2955 percommodum
1787 2876 1921 2944 fuit,
1948 2882 2079 2933 tum
2110 2906 2155 2934 η
2234 2915 2292 2964 ⁷⁴⁴

294 2978 546 3036 salutare
574 2976 860 3054 praecipue
885 2976 1153 3032 futurum
1174 2981 1314 3047 erat,
1336 2994 1518 3051 quum
1538 2973 1720 3032 aciem
1741 2971 2076 3048 dirigerent,
2307 2959 2316 2978 '

292 3073 410 3149 ipsi
437 3074 642 3145 aversi,
672 3079 837 3148 terga
866 3077 1103 3130 tantum
1138 3072 1374 3129 afflante
1408 3076 1603 3143 vente,
1633 3069 1700 3126 in
1735 3074 1977 3126 occae'cat

297 3169 536 3245 pulvere
563 3170 747 3228 offuso
773 3169 1000 3227 hostem
1027 3168 1362 3245 pugnaturi.
1840 3088 2080 3228 y

420 3268 716 3341 Consules,
785 3268 926 3325 satis
992 3265 1340 3343 exploratis¹
1374 3262 1701 3334 itineribus»,
1773 3267 2081 3337 sequentes
2106 3262 2187 3322 44

299 3364 567 3441 Poenum,
614 3374 686 3426 ut
730 3373 970 3425 ventum
1018 3366 1092 3423 ad
1146 3363 1378 3422 Cannas
1424 3367 1515 3420 est
1556 3366 1618 3419 et
1660 3359 1724 3415 in
1770 3362 2080 3434 conspectu
