2375 3842
889 217 1151 280 LIBER
1203 217 1432 279 XXII.
1938 223 2051 284 115

257 370 413 423 certe
463 364 653 443 plebis
704 364 987 425 Romanae
1041 386 1210 442 esse;
1263 366 1547 445 populum
1591 368 1846 429 liberum
1891 369 2054 430 habi·

256 469 457 520 turum
497 481 565 520 ac
611 462 888 521 daturum
926 464 1001 537 ei,
1042 465 1146 541 qui
1185 471 1417 524 mature
1455 464 1690 525 vincere
1728 485 1905 543 quam
1945 467 2052 528 diu

254 559 539 638 imperare
581 559 766 622 malit.

376 657 575 727 Quum
620 656 714 715 his
761 657 1125 717 orationibus
1165 678 1406 717 accensa
1443 660 1611 736 plebs
1649 666 1815 734 esset,
1857 661 2052 722 tribus
2077 663 2153 723 35

252 753 516 832 ¹patriciis
582 753 934 831 petentibus,
1004 754 1073 816 P.
1144 755 1416 814 Cornelio
1484 756 1609 814 Me-
1646 796 1730 836 ‚m
1761 797 1808 837 ο.
1835 797 2051 838 Teu-enum

255 851 451 923 tenda,
500 850 569 909 L.
615 850 844 909 Manlio
887 850 1170 924 Vulsone,
1222 851 1314 910 M.
1357 851 1609 911 AEmilio
1646 844 1683 883 ¹⁸
1698 843 1853 884 “⁰³⁰⁶
1866 845 2038 890 ⁰⁰¹²⁸¹¹¹²

254 946 495 1023 Lepido,
544 946 773 1006 duobus
816 947 1113 1006 nobilibus
1159 948 1280 1006 iam
1326 949 1682 1007 familiarum
1726 950 1935 1027 plebei,
1980 950 2042 1010 O.
2075 979 2100 1007 ο

255 1045 450 1105 Atilio
483 1045 734 1104 Serrano
765 1050 826 1104 et
860 1044 926 1115 Q„
959 1045 1125 1103 AElio
1161 1045 1345 1120 Paeto,
1376 1065 1626 1122 quorum
1668 1047 1821 1105 alter
1861 1049 2052 1124 ponti-

253 1144 373 1217 fex,
400 1143 553 1204 alter
573 1162 766 1220 augur
792 1149 934 1215 erat,
966 1143 1030 1202 O.
1055 1143 1365 1202 Terentius
1391 1144 1594 1202 consul
1619 1163 1775 1202 unus
1799 1152 2046 1220 creatur,

256 1246 326 1298 ut
350 1240 417 1298 in
441 1259 623 1300 manu
648 1240 775 1300 eius
801 1247 993 1299 essent
1019 1240 1255 1299 comitia
1281 1241 1539 1317 rogando
1564 1241 1813 1318 collegae.
1898 1243 2048 1301 Tum
2078 1268 2101 1305 ³

257 1343 501 1416 experta
524 1338 816 1411 nobilitas,
845 1357 1054 1415 parum
1080 1338 1261 1397 fuisse
1295 1338 1516 1398 virium
1557 1338 1624 1395 in
1661 1339 2050 1415 competitori-

254 1434 369 1492 bus
413 1434 556 1508 eius,
606 1434 677 1496 L.
725 1434 1044 1494 AEmilium
1090 1434 1362 1509 Paulum,
1415 1436 1519 1511 qui
1565 1453 1700 1496 cum
1741 1433 1828 1493 M.
1876 1434 2050 1494 Livio

257 1532 460 1590 consul
504 1532 698 1591 fuerat
743 1539 804 1591 et
851 1532 1226 1590 damnatione
1272 1532 1503 1607 collegae
1546 1539 1608 1588 et
1645 1569 1883 1611 mu„
1906 1570 1968 1609 L.
1982 1569 2052 1609 Ε,

256 1649 365 1688 sua
410 1648 590 1707 prope
640 1629 946 1687 ambustus
991 1635 1276 1703 evaserat,
1322 1629 1605 1687 infestum
1644 1618 1783 1657 ”³¹⁸⁸
1799 1617 1971 1658 Paulus.

256 1726 463 1806 plebei,
493 1727 598 1786 diu
630 1747 700 1788 ac
733 1729 992 1787 multum
1021 1733 1390 1801 recusantem
1421 1728 1497 1787 ad
1528 1726 1874 1805 petitionem
1900 1744 2049 1784 com·

256 1824 443 1901 pellit.
526 1825 591 1883 Is
634 1825 906 1903 proximo
952 1825 1236 1884 comitiali
1277 1826 1391 1898 die,
1435 1823 1882 1886 comedentibus
1931 1842 2048 1881 om·
2077 1843 2100 1877 ⁴

257 1920 451 1993 nibus,
499 1921 604 1998 qui
656 1940 793 1980 cum
843 1920 1116 1979 Varrone
1171 1927 1556 1993 certaverant,
1602 1939 1713 1997 par
1753 1917 1942 1995 magis
1984 1917 2051 1975 in

259 2016 684 2076 adversandum
717 2037 894 2095 quam
935 2018 1157 2094 collega
1196 2019 1370 2077 datur
1409 2018 1650 2078 consuli.
1733 2016 1884 2074 Inde
1910 2034 2051 2093 proe-

258 2117 454 2170 torum
497 2114 735 2171 comitia
776 2114 990 2172 habita.
1085 2114 1284 2173 Oreati
1316 2115 1420 2178 Μ’.
1451 2113 1809 2188 Pomponius
1841 2111 2052 2170 Matho
2079 2128 2101 2164 ⁵

259 2214 321 2266 et
348 2208 416 2270 P.
447 2208 664 2268 Furius
689 2208 936 2280 Philan
965 2209 1143 2268 Philo
1171 2210 1375 2267 Romae
1402 2209 1522 2266 iuri
1548 2209 1801 2266 dicundo
1826 2210 2053 2267 urbana

259 2324 400 2376 sors,
456 2303 782 2382 Pomponio
835 2307 994 2364 inter
1046 2307 1203 2365 cives
1259 2307 1560 2364 Romanos
1606 2309 1670 2368 et
1718 2305 2052 2381 peregrinos

260 2401 497 2474 evenit3
540 2401 731 2462 additi
777 2403 894 2460 duo
940 2408 1235 2480 praetores,
1281 2401 1367 2463 M.
1416 2400 1697 2459 Claudius
1735 2400 2052 2459 Marcellus
2080 2409 2104 2447 ⁶

260 2499 326 2556 in
354 2497 628 2570 Siciliam,
659 2498 725 2556 L.
758 2498 1098 2558 Postumius
1124 2500 1390 2558 Albinus
1414 2499 1480 2556 in
1508 2497 1776 2558 Galliam.
1836 2496 2051 2556 Omnes
2080 2521 2101 2559 7

261 2598 530 2654 absentes
565 2597 746 2666 creati
784 2603 939 2668 sunt,
969 2616 1078 2654 nec
1120 2597 1393 2674 cuiquam
1436 2615 1654 2667 eorum,
1695 2601 1907 2673 praeter
1948 2595 2049 2653 Te-

261 2694 520 2758 rentium
572 2693 884 2767 consulem,
932 2693 1247 2751 mandatus
1292 2693 1495 2766 honos,
1545 2712 1722 2770 quem
1765 2712 1887 2751 non
1933 2693 2052 2752 iam

262 2796 434 2849 antea
464 2790 750 2867 gessisset,
777 2791 1092 2866 praeteritis
1131 2790 1358 2867 aliquot
1396 2790 1648 2849 fortibus
1688 2808 1758 2847 ac
1797 2791 2052 2848 strenuis

262 2886 421 2959 viris,
471 2887 611 2964 quia
662 2888 728 2945 in
782 2887 891 2945 tali
943 2893 1205 2964 tempore
1251 2887 1405 2946 nulli
1445 2906 1636 2947 novus
1676 2888 2055 2965 magistratus

262 2983 576 3044 videbatur
599 2984 985 3043 mandandus.

383 3082 694 3142 Exercitus
720 3102 950 3160 quoque
974 3081 1355 3160 multiplicati
1380 3086 1556 3154 sunt-5
1596 3084 1831 3156 quantae
1856 3083 2053 3137 autem
2078 3073 2157 3137 36

264 3180 443 3258 copiae
486 3184 754 3261 peditum
794 3182 1175 3260 equitumque
1215 3180 1430 3242 additae
1470 3179 1610 3248 sint,
1652 3223 1807 3271 W
1819 3222 1967 3263 „mia
1982 3232 2055 3262 are

265 3277 410 3335 adeo
445 3285 506 3336 et
536 3299 780 3338 numero
823 3286 885 3337 et
924 3275 1132 3356 genere
1175 3278 1477 3355 copiarum
1517 3296 1614 3333 va·
1654 3269 2055 3364 gegp‘gnff‘ffiffgssg

265 3373 428 3432 riant
482 3383 766 3452 auctores,
821 3382 892 3434 ut
944 3376 1052 3438 vix
1104 3376 1420 3454 quicquam
1472 3373 1618 3434 satis
1654 3364 1878 3404 mmm
1892 3372 1920 3401 ⁸
1934 3361 2056 3407 ‘²¹⁰³’

1717 3484 1887 3548 8-2
