2375 3842
928 227 1204 293 LIBER
1243 225 1432 288 XXI.
1992 226 2065 285 51

283 375 475 435 effusa
497 375 885 435 iaculatorum
909 377 1167 436 maxime
1191 376 1327 451 fuit,
1356 393 1503 453 quos
1538 374 1757 451 primos
1791 373 2069 432 Numidae

284 473 675 547 invaserunt3
742 473 895 532 alius
947 475 1244 533 eonfertus
1302 473 1604 551 equitatus
1658 472 1956 531 consulem
2006 470 2073 529 in

285 570 547 630 medium
591 577 911 647 aooeptum,
958 590 1082 629 non
1122 572 1303 630 armis
1345 571 1534 644 modo,
1583 569 1686 628 sed
1728 569 1910 628 etiam
1950 587 2072 627 oor·

286 667 530 744 poribus
583 665 705 727 suis
758 672 1086 743 protegens,
1140 667 1207 725 in
1261 671 1456 725 eastre.
1499 685 1797 742 nusquam
1848 664 2074 742 trepide

285 779 477 838 neque
512 760 693 819 effuse
729 761 986 820 cedendo
1011 761 1270 824 reduxit.
1351 761 1589 825 Servati
1618 761 1871 820 oonsulis
1896 761 2073 820 decus
2101 780 2151 808 ¹0

290 856 502 916 Caelius
545 857 623 915 ed
660 876 896 916 servum
934 858 1175 918 natione
1227 858 1508 937 Ligurem
1552 858 1825 937 delegat3
1870 859 2073 917 malim

284 956 560 1032 equidem
597 955 672 1014 de
709 954 833 1014 filio
868 973 1077 1015 verum
1112 974 1253 1029 esse,
1283 954 1442 1032 quod
1467 959 1531 1013 et
1555 954 1753 1031 plures
1778 953 2074 1013 tradidere

286 1056 552 1109 auctores
576 1056 640 1109 et
665 1049 825 1108 fama
849 1049 1126 1112 obtinuit.
1957 1032 2122 1088 s

411 1146 548 1205 Hoo
588 1146 844 1223 primum
892 1166 1028 1207 cum
1071 1146 1416 1207 Hannibale
1454 1148 1725 1226 proelium
1765 1146 1918 1220 fuit3
1958 1163 2075 1223 quo
2097 1143 2174 1202 47

288 1242 462 1302 facile
501 1244 791 1321 apparuit,
833 1240 942 1324 [et]
983 1243 1255 1321 equitatu
1293 1246 1594 1304 meliorem
1632 1244 1885 1304 Poenum
1929 1261 2072 1316 esse,

291 1353 354 1398 et
405 1340 481 1401 ob
533 1340 596 1401 id
643 1358 875 1416 campos
919 1345 1207 1417 petentes,
1250 1342 1451 1418 quales
1496 1346 1640 1401 sunt
1677 1386 2078 1429 mmm

291 1436 453 1494 inter
510 1436 740 1494 Padum
802 1437 1121 1513 Alpesque,
1177 1437 1334 1496 bello
1385 1439 1638 1515 gerendo
1678 1433 1901 1483 Μ

295 1530 579 1593 Romanis
604 1537 772 1608 aptos
799 1550 921 1590 non
948 1551 1084 1593 esse.
1156 1533 1371 1610 Itaque
1396 1534 1665 1611 proxima
1688 1541 1877 1609 nocte,
1903 1533 2078 1594 iussis
2101 1562 2125 1590 ι

293 1627 582 1685 militibus
606 1647 746 1689 vasa
782 1628 1018 1688 silentio
1043 1630 1334 1707 colligere,
1368 1637 1562 1691 castra.
1585 1633 1661 1690 ab
1686 1631 1889 1690 Ticino
1916 1637 2078 1689 mota

291 1723 750 1802 festinatumque
783 1725 859 1783 ad
892 1725 1124 1785 Padum
1154 1732 1260 1801 est,
1291 1734 1363 1786 ut
1397 1728 1640 1804 ratibus,
1670 1729 1883 1807 quibus
1908 1728 2079 1785 iunx-

293 1828 422 1883 erat
473 1823 710 1897 flumen,
755 1823 1020 1883 nondum
1073 1825 1346 1884 resolutis
1400 1826 1528 1884 sine
1580 1826 1847 1885 tumultu
1899 1831 2079 1902 atque

170 1939 174 1944 ·
291 1916 676 1977 insectatione
727 1918 913 1977 hostis
964 1920 1160 1996 copias
1214 1921 1523 1980 traiiceret.
1609 1921 1788 1980 Prius
1840 1920 2079 1979 Placen·
2103 1943 2127 1981 3

296 2014 439 2079 tiam
476 2033 810 2091 pervenere,
845 2033 1023 2091 quam
1059 2015 1205 2074 satis
1236 2016 1414 2075 sciret
1439 2016 1748 2075 Hannibal
1774 2017 1849 2074 ab
1875 2016 2078 2074 Ticino

292 2113 580 2190 profectos
600 2134 618 2187 3
661 2118 862 2170 tamen
892 2113 968 2171 ad
1001 2119 1306 2172 sexcentos
1332 2119 1694 2173 moratorum
1719 2114 1785 2171 in
1811 2113 2079 2172 citeriore

292 2212 423 2288 ripa.
464 2209 630 2282 Padi,
676 2211 931 2285 segniter
962 2216 1150 2268 ratem
1194 2211 1503 2283 solventes,
1552 2211 1721 2286 oepit.
1808 2209 2078 2268 Transire

293 2312 535 2382 pontem
576 2324 699 2363 non
744 2306 954 2381 potuit,
1004 2312 1076 2364 ut
1116 2312 1380 2364 extrema
1417 2306 1677 2364 resoluta.
1717 2311 1902 2377 erant,
1950 2311 2080 2364 tota

294 2407 422 2461 rate
462 2401 529 2458 in
567 2403 879 2460 secundam
920 2422 1132 2480 aquam
1170 2403 1420 2461 lubente.
1507 2401 1718 2461 Oaelius
1743 2407 1948 2460 auctor
1971 2396 2075 2477 est,
2102 2429 2128 2466 4

295 2498 612 2576 Magonem
649 2518 783 2557 eum
820 2498 1089 2575 equitatu
1126 2503 1188 2556 et
1224 2496 1512 2574 Hispanis
1538 2496 1835 2573 peditibus
1860 2496 2081 2555 flumen

292 2594 590 2671 extemplo
629 2601 909 2667 tranasse,
950 2595 1145 2671 ipsum
1190 2593 1592 2652 Hannibalem
1633 2614 1739 2671 per
1783 2594 2082 2672 superiore.

295 2691 447 2750 Padi
472 2694 627 2750 vada.
652 2693 975 2750 exercitum
1000 2691 1347 2764 traduxisse,
1374 2691 1701 2770 elephantis
1725 2692 1791 2751 in
1817 2692 2081 2750 ordinem

295 2788 372 2846 ad
410 2789 820 2849 sustinendum
859 2788 1146 2863 impetum
1185 2787 1445 2848 fluminis
1484 2789 1781 2866 oppositis.
1868 2789 1961 2846 Ea
1984 2808 2080 2865 pe-
2104 2812 2127 2850 s

294 2883 426 2941 ritis
452 2884 642 2943 amnis
669 2884 794 2943 eius
821 2883 928 2940 vix
953 2882 1129 2939 fidem
1155 2883 1435 2959 fecerint3
1474 2904 1614 2943 nam
1640 2904 1829 2962 neque
1855 2885 2081 2960 equites

294 2978 473 3039 armis
513 2979 792 3056 equisque
831 2978 1011 3037 salvis
1048 2983 1279 3037 tantam
1318 2979 1442 3037 vim
1481 2979 1741 3037 fluminis
1780 2997 2078 3054 superasse

295 3076 423 3133 veri
462 3078 651 3135 simile
694 3083 799 3150 est,
842 3081 916 3134 ut
959 3076 1080 3134 iam
1127 3076 1429 3152 Hispanos
1475 3094 1675 3133 omnes
1720 3075 1915 3132 infiati
1961 3079 2081 3132 tra-

295 3173 568 3231 vexerint
618 3180 798 3247 utres,
850 3181 911 3234 et
963 3175 1285 3235 multorum
1340 3175 1569 3233 dierum
1622 3172 1874 3231 circuitu
1926 3171 2079 3241 Padi

296 3273 450 3332 vada
494 3275 748 3351 petenda
794 3275 1051 3348 fuerunt,
1103 3292 1223 3351 qua
1264 3271 1558 3331 exereitus
1598 3270 1797 3348 gravis
1841 3269 2082 3347 impedi-

297 3369 510 3435 mentis
562 3370 792 3430 traduci
843 3375 1050 3446 posset,
1136 3368 1407 3428 Potiores
1459 3367 1616 3447 apud
1668 3384 1764 3425 me
1816 3372 2081 3427 auctores
2106 3375 2133 3427 6

1743 3482 1913 3545 4-2
