2375 3842
943 222 1204 283 LIBER
1254 221 1441 283 XXI.
2047 224 2084 280 ὅ

295 371 507 430 deinde
548 372 998 447 Hasdrubalem,
1029 377 1406 433 cunctantem
1440 386 1608 431 casus
1641 367 1856 447 aliquis
1895 367 2086 446 oppriq

296 476 499 539 meret,
533 468 874 548 Saguntinis
907 469 1123 529 inferre
1163 470 1382 528 bellum
1422 467 1649 528 statuit
1721 467 1948 538 Quibus
1986 484 2080 543 op·
2108 491 2133 529 3

295 566 624 642 pugnandis
648 566 789 643 quia
813 565 973 625 haud
998 566 1174 625 dubie
1204 566 1475 625 Romana
1491 584 1655 624 arma
1674 565 2079 638 movebantur,

292 662 360 719 in
407 662 691 720 Olcadum
732 663 896 740 prius
944 663 1089 722 fines
1135 661 1318 743 (ultra
1375 663 1670 722 Hiberum
1718 681 1787 721 ea
1830 681 1975 739 gens
2014 660 2082 719 in

292 754 461 834 pa'rte
496 759 681 836 magis
719 779 897 836 quam
938 759 1004 818 in
1044 759 1273 820 dicione
1314 759 1885 837 Carthaginiensium
1924 757 2077 839 erat)

293 854 531 914 induxit
583 857 923 928 exercitum,
979 863 1051 915 ut
1104 876 1224 916 non
1278 856 1493 934 petisse
1547 856 1920 935 Saguntinos,
1977 857 2081 916 sed

291 971 489 1011 rerum
525 952 691 1025 serie,
739 952 1006 1011 finitimis
1052 953 1290 1012 domitis
1331 953 1623 1030 gentibus,
1671 953 2079 1030 iungendoque

292 1056 516 1107 tractus
546 1050 623 1107 ad
661 1049 725 1107 id
758 1050 980 1108 bellum
1011 1050 1202 1109 videri
1239 1057 1446 1127 posset.
1531 1050 1843 1124 Cartalam,
1870 1050 2076 1109 urbem
2100 1074 2126 1112 4

291 1145 646 1223 opulentam,
675 1156 852 1224 caput
876 1147 1069 1223 gentis
1097 1148 1240 1219 eius,
1263 1154 1563 1225 expugnat
1588 1146 1904 1224 diripitque
1914 1167 1933 1221 ς
1958 1136 2076 1223 quo

290 1249 454 1302 metu
505 1244 780 1321 perculsae
827 1245 1081 1304 minores
1135 1244 1407 1303 civitates
1459 1243 1751 1321 stipendio
1802 1243 2076 1320 imposito

288 1340 599 1418 imperium
651 1361 935 1419 accepere.
1039 1341 1252 1400 Victor
1304 1341 1594 1401 exercitus
1648 1340 2076 1417 opulentusque

288 1438 484 1514 praeda
527 1437 939 1516 Carthaginem
985 1439 1223 1498 Novam
1266 1438 1331 1496 in
1370 1438 1617 1496 hiberna
1652 1443 1741 1496 est
1773 1436 2068 1496 deductus.

290 1534 390 1592 Ibi
433 1534 594 1610 large
644 1536 953 1612 partiendo
1004 1536 1262 1614 praedam
1314 1535 1719 1612 stipendioque
1776 1534 2073 1612 praeterito
2097 1557 2121 1597 s

289 1651 420 1689 cum
440 1631 555 1688 fide
575 1632 928 1692 exsolvendo
954 1634 1180 1692 cunctis
1202 1633 1420 1693 civium
1447 1633 1846 1709 sociorumque
1860 1630 2073 1690 animis

286 1729 349 1788 in
371 1750 432 1789 se
447 1732 710 1803 firmatis,
739 1751 876 1790 vere
895 1731 1085 1808 primo
1101 1730 1167 1789 in
1183 1731 1456 1789 Vaccaeos
1471 1735 1801 1806 promotum
1830 1729 2065 1789 bellum.

226 1888 241 1901 ,
287 1826 682 1888 Hermandica
707 1835 770 1886 et
793 1828 1102 1901 Arbocala,
1132 1847 1333 1886 eorum
1359 1829 1550 1902 urbes,
1573 1826 1635 1885 vi
1672 1880 1842 1922 mm
1855 1880 2019 1922 vm
2095 1832 2121 1872 ⁶

286 1931 492 2002 eaptae3
511 1925 807 1984 Arbocala
831 1932 893 1983 et
917 1925 1141 1983 virtute
1160 1931 1223 1983 et
1248 1925 1632 1984 multitudine

287 2021 706 2097 oppidanorum
737 2022 841 2079 diu
867 2022 1120 2080 defensa.
1164 2023 1266 2080 Ab
1289 2022 1686 2080 Hermandica
1709 2019 1942 2098 profugi
1969 2038 2069 2078 ex·
2093 2037 2118 2076 ⁷

285 2118 509 2175 sulibus
549 2119 850 2187 Olcadum,
886 2119 1080 2196 priore
1118 2125 1322 2178 aestate
1361 2103 1595 2177 domitae
1633 2117 1844 2195 gentis,
1885 2136 2079 2194 quum

284 2233 346 2272 se
387 2212 738 2288 iunxissent,
788 2215 1087 2274 concitant
1139 2215 1511 2292 Carpetanos,
1554 2214 1861 2291 adortique
1902 2213 2069 2275 Han-
2092 2229 2118 2270 s

187 2347 195 2355 -
282 2312 539 2369 nibalem
575 2332 898 2389 regressum
938 2333 1014 2371 ex
1038 2312 1299 2371 Vaccaeis
1340 2313 1499 2371 haud
1537 2311 1739 2389 procul
1776 2310 1933 2388 Tago
1964 2310 2069 2368 flu-

281 2410 458 2483 mine,
479 2428 686 2486 agmen
711 2430 891 2487 grave
915 2411 1109 2488 praeda
1134 2411 1465 2470 turbavere.
1531 2407 1838 2467 Hannibal
1863 2406 2068 2485 proelio

281 2506 585 2579 abstinuit,
626 2507 943 2584 castrisque
983 2526 1157 2584 super
1191 2507 1382 2584 ripam
1416 2506 1641 2584 positis,
1668 2525 1851 2583 quum
1876 2504 2063 2582 prima

280 2604 447 2680 quies
480 2604 895 2680 silentiumque
929 2605 1006 2662 ab
1041 2605 1308 2663 hostibus
1342 2604 1474 2677 fuit,
1504 2623 1735 2662 amnem
1766 2603 1918 2661 vado
1951 2607 2068 2661 tra-

280 2700 436 2775 iecit,
465 2701 736 2777 valloque
762 2700 850 2759 ita
874 2701 1175 2779 producto,
1208 2712 1278 2759 ut
1304 2702 1496 2760 locum
1532 2702 1607 2759 ad
1639 2701 2064 2777 transgredien-

279 2798 421 2856 dum
447 2798 644 2857 hostes
669 2798 969 2871 haberent,
999 2798 1277 2857 invadere
1308 2818 1406 2858 eos
1439 2805 1808 2857 transeuntes
1834 2799 2062 2861 statuit.

280 2895 596 2971 Equitibus
641 2894 932 2973 praecepit,
975 2900 1062 2968 ut,
1104 2914 1290 2972 quum
1334 2896 1623 2973 ingressos
1661 2914 1874 2971 aquam
1906 2894 2064 2953 vide-
2090 2914 2139 2942 ιο

277 2997 426 3063 rent,
450 2992 822 3050 adorirentur
840 2991 1188 3068 impeditum
1209 3011 1455 3068 agmen,
1440 3013 1454 3029 ·
1489 2991 1556 3050 in
1575 2991 1704 3081 ripa
1724 2991 2064 3068 elephantos

282 3086 694 3166 (quadraginta
737 3094 936 3146 autem
982 3087 1175 3169 erant)
1225 3089 1497 3166 disponit
1604 3088 2062 3164 Carpetanorum
2090 3113 2134 3141 u

277 3205 429 3243 cum·
448 3185 864 3263 appendicibus
905 3185 1189 3244 Olcadum
1229 3170 1627 3255 Vaccaeorum—
1663 3196 1959 3282 ssffmffsshg}
1990 3198 2064 3283 {¹13⁰

277 3302 392 3358 que
424 3289 662 3342 centum
696 3282 883 3340 millia
913 3283 1094 3356 fuere,
1121 3282 1345 3341 invicta
1377 3282 1541 3355 acies,
1572 3281 1624 3340 si
1664 3288 1890 3338 carpetam

276 3398 441 3458 aequo
467 3381 843 3438 dimicaretur
867 3399 1085 3458 campo.
1170 3380 1384 3457 Itaque
1411 3386 1472 3438 et
1496 3378 1731 3456 ingenio
1756 3379 1973 3439 feroces
2001 3385 2063 3438 et
2089 3405 2136 3434 η
