2375 3842
923 239 1179 303 LIBER
1221 243 1412 306 ΧΧῙ.
1963 250 2044 316 65

260 381 462 440 omnia
494 382 900 461 perscindente
934 366 1113 446 vento
1145 394 1208 446 et
1231 390 1511 466 rapiente.
1598 393 1683 451 Et
1717 413 1857 454 mox
1889 414 2044 474 aqua
2072 414 2101 457 s

261 477 457 537 levata
480 486 660 539 vento
685 501 867 559 quum
893 502 1069 560 super
1085 485 1279 562 gelida
1297 490 1589 547 montium
1612 489 1753 568 iuga
1777 500 2044 553 concreta

258 871 331 923 ut
368 884 446 923 ex
484 865 590 924 illa
629 867 949 926 miserabili
980 869 1287 929 hominum
1312 871 1821 954 iumentorumque
1846 885 2041 956 strage

257 981 442 1040 quum
476 983 539 1024 se
574 965 822 1042 quisque
857 967 1137 1026 extollere
1171 989 1241 1028 ac
1266 970 1461 1031 levare
1485 973 1680 1048 vellet,
1713 976 1815 1034 diu
1842 978 2043 1053 nequi-

250 1067 367 1134 ret,
401 1063 543 1139 quia
581 1064 953 1140 torpentibus
988 1065 1179 1142 rigore
1214 1068 1429 1140 nervis,
1460 1070 1569 1127 vix
1609 1070 1840 1130 flectere
1874 1079 2039 1131 artus

254 1164 547 1235 poterant.
632 1159 882 1234 Deinde,
926 1167 999 1219 ut
1041 1161 1280 1220 tandem
1320 1165 1600 1240 agitando
1640 1185 1764 1225 sese
1804 1187 2039 1227 movere
2065 1197 2114 1224 ιο

254 1271 325 1311 ac
363 1254 619 1331 recipere
649 1255 877 1314 animes
909 1263 972 1315 et
996 1256 1148 1314 raris
1176 1257 1320 1316 locis
1346 1259 1501 1336 ignis
1526 1259 1656 1318 fieri
1680 1269 1772 1319 est
1797 1270 2036 1339 coeptus‚

252 1349 332 1408 ad
365 1349 618 1409 alienam
658 1371 828 1429 opem
862 1355 1110 1430 quisque
1146 1353 1318 1431 inops
1344 1354 1598 1413 tendere.
1683 1356 1944 1417 Biduum
1970 1378 2039 1418 eo
2065 1383 2112 1411 ιι

252 1446 381 1505 loco
431 1448 600 1506 velut
649 1450 868 1508 obsessi
920 1468 1223 1522 mansere3
1279 1451 1458 1508 multi
1510 1452 1792 1527 homines,
1848 1455 2039 1514 multa

254 1541 536 1615 iumenta,
577 1544 872 1622 elephanti
910 1565 1141 1624 quoque
1178 1564 1256 1605 ex
1294 1547 1384 1621 iis,
1420 1548 1525 1625 qui
1559 1549 1764 1625 proelio
1793 1550 1870 1609 ad
1904 1551 2038 1611 Tre-

253 1637 414 1699 biam
440 1640 594 1699 iacto
625 1644 1047 1719 superfuerant,
1077 1650 1300 1722 septem
1324 1646 1637 1723 absumpti.
1885 1694 1891 1699 .

373 1738 694 1817 Degressus
740 1741 1096 1818 Appennino
1132 1747 1293 1800 retro
1333 1741 1410 1800 ad
1446 1740 1809 1802 Placentiam
1846 1750 2037 1804 castra
2061 1745 2135 1804 50

254 1829 456 1910 movit}
505 1836 568 1890 et
627 1833 704 1891 ad
768 1833 966 1892 &cem
1017 1834 1206 1892 millia
1260 1853 1598 1912 progressus
1636 1858 1869 1944 Q
1972 1860 2036 1898 ω.

250 1929 527 1988 consedit,
631 1929 875 1988 Postero
920 1931 1016 1989 die
1058 1931 1368 1990 duodecim
1410 1932 1597 1989 millia
1634 1905 1802 1991 {emnia
1830 1905 2038 1990 αιιωιιῖῗὶῖ

252 2025 533 2103 peditum,
560 2026 821 2104 quinque
860 2029 1128 2104 equitum
1156 2029 1435 2087 adversus
1471 2028 1599 2086 hos-
1634 1997 2037 2091 ῗίήῗῖιοεοωωᾶοοἪ

251 2129 375 2181 tem
428 2123 632 2197 ducit;
691 2142 798 2182 nec
853 2125 1229 2201 Sempronius
1281 2125 1484 2183 consul
1539 2125 1683 2203 (iam
1733 2123 1894 2181 enim
1945 2141 2030 2181 re-
2056 2150 2080 2177 2

250 2219 444 2279 dierat
501 2222 577 2279 ab
639 2219 854 2299 Roma)
911 2223 1260 2280 detrectavit
1312 2228 1619 2286 certamen.
1704 2223 1908 2300 Atque
1964 2242 2032 2280 eo

248 2316 351 2379 die
383 2317 716 2375 *ariamillia
752 2337 1031 2394 passuum
1067 2319 1227 2376 inter
1265 2318 1408 2376 bina
1441 2325 1633 2376 castra
1669 2319 1867 2392 fuere;
1904 2334 2077 2394 pos-3

253 2416 380 2470 tero
406 2411 503 2469 die
525 2411 863 2487 ingentibus
888 2413 1115 2487 animis,
1137 2411 1304 2470 vario
1330 2418 1548 2469 eventu
1567 2417 1896 2489 pugnatum
1922 2418 2024 2470 est,

253 2507 457 2567 Primo
499 2527 783 2566 concursu
826 2510 971 2568 adeo
1009 2529 1104 2568 res
1150 2509 1421 2567 Romana
1465 2509 1729 2586 superior
1779 2509 1914 2581 fuit,
1959 2516 2031 2567 ut

249 2623 371 2665 non
409 2605 534 2664 acie
559 2605 860 2664 vincerent
898 2606 1102 2678 solum,
1131 2605 1234 2662 sed
1272 2605 1468 2681 pulsos
1506 2605 1699 2664 hostes
1733 2606 1801 2664 in
1839 2611 2030 2665 castra

250 2707 753 2780 persequerentur,
781 2721 920 2760 mox
940 2707 1130 2760 castra
1148 2719 1379 2778 quoque
1396 2709 1816 2780 oppugnarent,
1863 2703 2029 2760 Han·
2049 2730 2074 2768 4

249 2799 430 2873 nibal,
460 2799 662 2876 paucis
699 2797 1227 2876 propugnatoribus
1264 2799 1331 2856 in
1355 2798 1512 2856 vallo
1547 2798 1845 2875 portisque
1880 2800 2028 2875 posi·

249 2898 347 2969 tis,
389 2905 609 2956 ceteros
656 2897 946 2956 confertos
986 2896 1054 2954 in
1099 2897 1291 2955 media
1331 2903 1522 2955 castra
1562 2896 1796 2973 recepit,
1838 2895 2027 2953 inten-

248 2997 456 3071 tosque
480 2994 714 3071 signum
739 2995 816 3052 ad
840 2994 1263 3071 erumpendum
1287 2999 1620 3070 exspectare
1643 2992 1823 3051 iubet
1892 2989 2024 3047 Iam
2048 3020 2072 3060 3

248 3108 405 3147 nona
444 3091 626 3149 ferme
666 3091 786 3149 diei
823 3090 971 3148 hora
1016 3096 1156 3162 erat,
1203 3108 1385 3167 quum
1432 3088 1751 3160 Romanus,
1794 3085 2028 3162 nequic-

248 3205 424 3262 quam
443 3187 688 3264 fatigato
714 3188 920 3259 milite,
943 3194 1253 3264 postquam
1277 3185 1443 3243 nulla
1462 3203 1592 3261 spes
1612 3188 1740 3241 erat
1753 3181 2025 3260 potiundi

247 3281 468 3353 castris,
514 3285 749 3359 signum
791 3284 1055 3360 receptui
1095 3281 1276 3341 dedit.
1361 3281 1532 3352 Quod
1571 3280 1676 3337 ubi
1716 3277 2024 3337 Hannibal
2045 3295 2074 3338 ⁶

246 3375 471 3451 accepit
492 3377 867 3455 laxatamque
885 3395 1143 3457 pugnam
1169 3382 1233 3437 et
1258 3394 1545 3436 recessum
1571 3394 1608 3434 a
1629 3374 1836 3434 castris
1852 3372 2022 3448 vidit,

416 3503 560 3556 cn
1812 3489 1854 3552 5
