2375 3842
322 230 358 292 6
1077 177 1312 291 mm

317 378 702 438 multitudine
728 377 868 437 freti
895 383 973 451 et,
1002 378 1160 455 quod
1185 383 1351 436 metu
1383 376 1620 437 cessisse
1644 377 1957 439 credebant
1981 378 2110 438 hos-

317 483 456 549 tem,
484 476 548 534 id
587 475 805 534 morari
839 475 1149 555 victoriam
1189 474 1326 547 rati,
1365 475 1522 552 quod
1555 474 1863 534 interesset
1895 476 2101 549 amnis,

319 573 572 632 clamore
599 573 830 631 sublato
854 572 1073 649 passim
1097 572 1223 630 sine
1259 572 1482 630 ullius
1464 572 1724 649 imperio,
1754 591 1873 649 qua
1895 572 2106 650 cuique

246 704 293 742 13
315 670 662 781 proximum·
683 675 789 742 est,
830 669 895 727 in
935 689 1167 727 amnem
1205 674 1406 730 ruunt.
1491 669 1575 727 Et
1608 689 1686 728 ex
1715 676 1886 779 parte
1915 669 2106 729 altera

312 766 457 844 ripae
495 766 589 825 vis
643 766 849 843 ingens
891 766 1157 842 equitum
1204 765 1270 824 in
1304 766 1524 824 flumen
1570 766 1844 851 immissa,
1888 764 2103 826 medio-

313 883 428 941 que
480 864 646 951 alveo
691 863 1142 939 haudquaquam
1194 862 1324 940 pari
1377 863 1694 921 certamine
1737 883 2102 940 concursum,

239 987 287 1024 14
312 961 529 1038 quippe
562 960 668 1019 u‘bi
702 961 877 1037 pedes
910 959 1205 1018 instabilis
1240 980 1309 1019 ac
1347 960 1454 1018 vix
1486 960 1648 1018 vado
1672 961 1860 1019 fidens
1893 961 1989 1019 vel
2025 962 2101 1019 ab

311 1057 523 1115 inermi
549 1057 763 1133 equite,
791 1042 941 1133 equo
966 1062 1185 1114 temere
1220 1062 1368 1128 acto,
1392 1056 1651 1134 perverti
1678 1063 1890 1134 posset,
1921 1077 2099 1134 eques

309 1173 544 1231 corpore
584 1153 874 1230 armisque
913 1153 1080 1225 liber,
1115 1171 1266 1229 equo
1297 1153 1393 1210 vel
1431 1172 1538 1230 per
1575 1154 1799 1212 medios
1836 1154 2098 1230 gurgites

236 1278 284 1317 ις
308 1250 521 1323 stabili,
561 1250 824 1309 cominus
849 1249 1195 1327 eminusque
1229 1269 1357 1307 rem
1391 1259 1632 1326 gereret.
1716 1250 1862 1309 Pars
1885 1268 2099 1328 magna

307 1347 548 1406 flumine
594 1348 942 1424 absumpta3
983 1347 1223 1423 quidam
1270 1346 1558 1405 verticoso
1599 1347 1763 1404 amni
1802 1346 1984 1405 delati
2030 1348 2095 1406 in

236 1467 284 1507 ιε
305 1445 500 1503 hostes
541 1442 617 1503 ab
658 1442 986 1521 elephantis
1026 1443 1235 1501 obtriti
1279 1449 1436 1502 sunt.
1521 1443 1832 1517 Postremi,
1882 1444 2095 1520 quibus

304 1560 597 1618 regressus
637 1540 704 1599 111
745 1559 912 1598 suam
956 1540 1147 1617 ripam
1187 1540 1379 1598 tutior
1418 1539 1556 1612 fuit,
1597 1561 1673 1599 ex
1711 1541 1877 1600 varia
1917 1542 2095 1619 trepi-

304 1639 539 1698 datione
556 1657 738 1715 quum
758 1637 824 1694 in
843 1655 1031 1694 unum
1050 1636 1478 1713 coUigerentur‚
1500 1636 1840 1714 priusquam
1866 1658 1908 1696 a
1926 1644 2093 1697 tanto

302 1755 518 1815 pavore
550 1734 877 1811 reciperent
915 1733 1157 1804 animos,
1187 1734 1497 1792 Hannibal
1537 1735 1771 1810 agmine
1807 1736 2092 1811 quadrato

302 1852 534 1891 amnem
553 1831 847 1908 ingressus
865 1830 1065 1906 fugam
1092 1849 1170 1889 ex
1196 1830 1326 1908 ripa
1349 1830 1509 1904 fecit,
1535 1831 1897 1907 vastatisque
1917 1833 2086 1908 agris,

303 1927 465 1988 intra
490 1946 704 2005 paucos
729 1927 852 1985 dies
880 1927 1236 2037 Carpetanos
1272 1946 1503 2004 quoque
1528 1926 1594 1985 in
1620 1928 1975 1986 deditionem
2001 1948 2093 1986 ac-

232 2053 280 2094 ¹7
302 2024 487 2102 cepit3
521 2029 594 2083 et
609 2023 728 2081 iam
754 2023 952 2081 omnia
979 2030 1145 2082 trans
1172 2024 1470 2082 Hiberum
1496 2030 1708 2101 praeter
1733 2024 2091 2102 Saguntinos

303 2119 873 2197 Carthaginiensium
901 2127 1085 2179 erant.
1341 2100 1472 2205 70
1572 2105 1897 2206 M

237 2216 275 2280 6
419 2217 571 2276 Cum
597 2217 940 2295 Saguntinis
964 2217 1185 2276 bellum
1213 2217 1477 2275 nondum
1502 2223 1646 2290 erat,
1675 2222 1935 2277 ceterum
1964 2218 2087 2279 iam

294 2356 697 2443 mem
733 2314 1634 2483 {fflssfflxiffjfflffl
1651 2315 2085 2491 ffi‘ssffiffffi

247 2451 426 2543 3¹2⁸
460 2460 538 2489 env
536 2459 612 2499 ψ
647 2453 693 2488 to
732 2506 960 2563 adesset
984 2504 1160 2576 idem,
1190 2505 1297 2582 qui
1322 2505 1448 2564 litis
1473 2512 1602 2565 erat
1627 2512 1802 2580 sator,
1832 2526 1941 2565 nec
1967 2527 2084 2566 cer-

291 2609 493 2661 tamen
527 2602 690 2674 iuris,
721 2602 825 2659 sed
849 2603 974 2659 vim
1004 2603 1189 2678 quaeri
1219 2608 1539 2680 appareret,
1570 2603 1752 2679 legati
1785 2623 1822 2661 a
1859 2603 2081 2681 Sagun-

290 2699 436 2758 tinis
499 2698 752 2756 Romam
802 2697 969 2755 missi
1019 2699 1312 2756 auxilium
1363 2700 1441 2756 ad
1492 2699 1713 2758 bellum
1759 2699 1881 2757 iam
1919 2700 2081 2758 haud

242 2823 268 2861 ³
290 2795 467 2853 dubie
506 2794 819 2852 imminens
858 2800 1104 2854 orantes.
1190 2796 1473 2854 Consules
1502 2802 1649 2854 tunc
1677 2795 1880 2854 Romae
1906 2803 2077 2854 erant

289 2892 357 2951 P.
390 2891 696 2951 Cornelius
737 2890 931 2968 Scipio
965 2897 1028 2949 et
1066 2893 1152 2951 Ti.
1201 2892 1579 2968 Sempronius
1619 2892 1872 2968 Longus.
1960 2891 2080 2963 Qui

287 3007 488 3065 quum,
530 2987 738 3065 legatis
777 2989 844 3046 in
889 2994 1158 3047 senatum
1204 2989 1572 3062 introductis,
1618 2991 1692 3047 de
1731 3008 1796 3047 re
1841 2989 2079 3066 publica

284 3085 667 3160 rettulissent,
695 3084 1125 3163 placuissetque
1160 3085 1324 3144 mitti
1353 3085 1576 3161 legatos
1611 3085 1678 3143 in
1714 3085 2076 3162 Hispaniam

236 3205 259 3244 ⁴
284 3182 362 3238 ad
387 3201 480 3239 res
505 3183 792 3241 sociorum
816 3182 1223 3260 inspiciendas,
1252 3182 1468 3260 quibus
1493 3183 1545 3240 si
1570 3183 1874 3241 videretur
1898 3183 2077 3259 digna

285 3296 474 3351 causa,
518 3286 580 3337 et
619 3278 949 3337 Hannibali
992 3279 1427 3350 denuntiarent,
1472 3285 1545 3337 ut
1587 3279 1662 3336 ab
1710 3278 2070 3355 Saguntinis,

284 3375 452 3434 sociis
495 3377 698 3453 populi
741 3376 1009 3450 Romani,
1047 3376 1396 3453 abstineret,
1444 3380 1506 3433 et
1548 3374 1967 3454 Carthaginem
2006 3375 2074 3434 in
