2375 3842
941 244 1202 303 LIBER
1249 244 1423 306 XXI.
1990 243 2065 303 39

289 394 498 467 posset.
581 389 816 447 Natura
839 391 1000 448 locus
1034 390 1155 449 iam
1189 397 1329 450 ante
1360 409 1612 469 praeceps
1646 389 1870 449 recenti
1900 388 2069 468 lapan
2095 413 2119 441 υ

206 542 209 543 ⁷
292 492 460 547 terrae
484 485 550 544 in
574 486 788 562 pedum
823 486 987 544 mille
1023 487 1336 546 admodum
1373 487 1747 546 altitudinem
1783 488 2067 564 abruptus

290 590 429 643 erat.
481 582 579 641 Ibi
598 602 779 660 quum
801 583 966 642 velut
984 585 1059 643 ad
1084 585 1261 644 finem
1277 584 1387 643 viae
1407 584 1631 662 equites
1670 596 2068 682 mmmm
2093 611 2116 650 3

289 679 699 751 constitissent,
728 679 970 738 miranti
1002 679 1348 753 Hannibali,
1376 700 1504 757 quae
1538 699 1631 738 res
1669 645 2070 776 ffinrg

289 782 614 834 moraretur
655 794 880 852 agmen,
924 776 1252 849 nuntiatur,
1293 796 1499 854 rupem
1543 777 1631 835 in-
1668 745 2067 866 mogi&m

288 874 446 931 viam
473 891 609 933 esse.
621 862 661 1026 έ
696 873 1005 949 Digressus
1039 873 1252 931 deinde
1283 875 1408 950 ipse
1442 873 1519 931 ad
1551 873 1631 930 lo-
1669 882 1793 913 '¹²⁰'-

289 989 422 1028 cum
453 969 621 1029 visen
659 988 780 1027 um.
864 969 1048 1027 Haud
1083 969 1265 1027 dubia
1295 989 1389 1030 res
1415 970 1554 1043 visa,
1584 969 1728 1046 quin
1761 987 1869 1045 per
1904 964 2067 1025 invia
2091 996 2115 1032 4
2201 1014 2240 1045 ,,

290 1066 440 1123 circa
473 1084 581 1124 nec
619 1064 767 1123 trita
805 1072 996 1138 antea,
1026 1066 1296 1142 quamvis
1333 1065 1507 1143 longo
1545 1065 1787 1145 aij—ibitu,
1829 1064 2068 1124 circum-
2081 1042 2172 1111 <7³
2203 1050 2212 1059 ⁴

291 1162 526 1220 duceret
563 1181 788 1238 agmen.
871 1161 964 1225 Ea
987 1180 1127 1219 vero
1159 1161 1260 1220 via
1293 1161 1699 1238 insuperabilis
1737 1161 1853 1221 fuit
1872 1179 1892 1235 3
1931 1179 2066 1219 nam
2093 1192 2115 1231 ς

288 1277 472 1335 quum
498 1278 670 1335 super
687 1264 942 1316 veterem
967 1257 1165 1316 nivem
1193 1257 1473 1316 intactam
1500 1277 1654 1316 nova
1678 1256 1914 1315 modicoe
1939 1257 2069 1315 alti-

288 1354 512 1412 tudinis
537 1361 704 1428 esset,
733 1354 897 1412 molli
922 1373 1032 1412 nec
1055 1354 1308 1430 praealtae
1341 1353 1513 1412 facile
1546 1354 1722 1431 pedes
1746 1352 2070 1429 ingredien-

2251 958 2264 989 ’ί

287 1449 442 1508 tium
467 1450 817 1508 insistebant
827 1470 846 1524 3
876 1456 947 1508 ut
965 1469 1105 1508 vero
1129 1456 1223 1509 tot
1241 1450 1541 1508 hominum
1560 1450 2066 1527 iumentorumque
2089 1467 2115 1508 ⁶

287 1547 516 1606 incessu
543 1546 763 1623 dilapsa
792 1552 897 1619 est,
926 1565 1033 1624 per
1063 1547 1282 1605 nudam
1316 1547 1472 1606 infra
1498 1546 1741 1625 glaciem
1765 1546 2066 1604 fluentem-

284 1663 402 1721 que
441 1645 635 1701 tabem
682 1642 1055 1720 liquescentis
1093 1643 1250 1701 nivis
1288 1643 1778 1720 ingrediebantur.
1874 1643 2069 1703 Tuetra
2090 1660 2114 1703 7

287 1723 372 1798 ibi
411 1739 654 1798 luctatio
701 1745 843 1813 erat,
890 1736 983 1819 [ut
1018 1737 1076 1820 a]
1115 1740 1340 1799 lubrica
1375 1741 1560 1817 glacie
1595 1760 1714 1799 non
1753 1738 2067 1817 recipiente

286 1836 598 1913 vestigium
643 1842 705 1895 et
744 1836 812 1894 in
855 1855 1038 1927 prono
1083 1836 1258 1896 citius
1309 1838 1485 1914 pedes
1525 1837 1783 1909 fallente,
1831 1844 1920 1910 ut,
1962 1854 2066 1895 seu
2106 1816 2184 1877 ‘³¹⁵'
2227 1816 2266 1859 ”¹⁴

286 1933 553 1992 manibus
590 1933 656 1991 in
688 1933 1037 2008 assurgendo
1076 1951 1178 1991 seu
1218 1953 1374 2010 genu
1411 1953 1473 1992 se
1511 1932 1887 2006 adiuvissent,
1922 1931 2067 2010 ipms

284 2029 652 2087 adminiculis
698 2028 984 2106 prolapsis
1028 2028 1245 2087 iterum
1292 2034 1664 2104 corruerent3
1708 2047 1818 2088 nec
1855 2027 2067 2105 stirpes

285 2100 772 2196 cffimdicesve,
801 2124 878 2182 ad
902 2143 1047 2200 quas
1074 2125 1219 2200 pede
1245 2130 1350 2182 aut
1374 2144 1553 2182 manu
1585 2125 1893 2201 quisquam
1920 2123 2066 2195 eniti

285 2225 496 2296 posset,
524 2224 728 2293 erant3
767 2220 854 2278 ita
877 2219 945 2278 in
970 2220 1088 2277 levi
1112 2226 1350 2277 tantum
1379 2219 1563 2295 glacie
1588 2219 1901 2296 tabidaque
1926 2219 2066 2279 nive

283 2315 719 2373 volutabantur.
801 2316 1078 2373 Iumenta
1115 2315 1391 2373 secabant
1427 2314 1724 2371 interdum
1763 2313 1941 2371 etiam
1980 2315 2065 2372 in-
2088 2325 2113 2365 8

287 2413 485 2470 fimam
510 2411 897 2487 ingredientia
914 2411 1131 2485 nivem,
1154 2422 1217 2468 et
1242 2409 1512 2486 prolapsa
1528 2409 1812 2473 iactandis
1832 2412 2066 2487 gravius

284 2507 353 2565 in
399 2507 748 2565 connitendo
793 2509 1028 2584 ungulis
1074 2507 1310 2584 penitus
1348 2504 1799 2583 perfringebant,
1840 2515 1912 2566 ut
1949 2508 2066 2585 ple·

285 2623 467 2681 raque
492 2603 658 2661 velut
682 2603 886 2680 pedica
917 2610 1085 2679 capta
1115 2603 1403 2661 haererent
1433 2602 1501 2660 in
1529 2602 1677 2660 dura
1701 2610 1763 2661 et
1788 2604 1905 2663 alte
1935 2625 2065 2664 eon-

286 2707 446 2758 creta
485 2699 683 2776 glacie.
787 2699 1065 2773 Tandem,
1092 2699 1505 2777 „nequicquam
1557 2700 1836 2759 iumentis
1887 2706 2062 2779 atque
2088 2704 2162 2763 37

285 2796 618 2855 hominibus
642 2795 922 2871 fatigatis,
949 2801 1138 2854 castra
1161 2795 1228 2852 in
1256 2796 1391 2871 iugo
1416 2795 1622 2873 posita,
1665 2842 1705 2880 A
1721 2841 1821 2881 mad
1845 2842 1880 2881 i.
1903 2841 2063 2882 cleared

285 2893 579 2969 aegerrime
613 2894 691 2951 ad
715 2893 777 2951 id
803 2890 997 2969 ipsum
1030 2893 1156 2950 loco
1185 2899 1433 2969 purgato
1445 2912 1463 2964 3
1499 2900 1628 2950 tan-
1662 2888 1738 2971 ζξξ
1806 2888 2062 2981 „¹2:22¹ss

107 2963 269 3051 Q<
315 3009 415 3048 um
460 2989 615 3048 nivis
659 2989 998 3049 fodiendum
1043 2994 1224 3066 atque
1276 2988 1624 3072 egefflndnm
1661 2979 1750 3026 ¹¹¹⁰·
2035 3052 2090 3076 b-

229 2995 416 3144 *ssuit
498 3086 648 3144 Inde
673 3072 749 3144 ad
774 3105 977 3162 rupem
1003 3083 1397 3156 muniendam,
1426 3102 1532 3160 per
1555 3102 1734 3160 quam
1756 3102 1938 3143 unam
1964 3084 2059 3144 via
2086 3116 2112 3175 ³

285 3199 409 3239 esse
441 3188 687 3259 poterat,
714 3183 932 3241 milites
967 3182 1147 3256 ducti,
1177 3200 1361 3258 quum
1396 3180 1730 3237 caedendum
1756 3186 1907 3238 esset
1931 3201 2057 3240 sax-
2084 3198 2102 3255 ,⁸

283 3296 404 3349 um,
430 3278 733 3335 arboribus
759 3279 910 3336 eirca
934 3277 1290 3336 immanibus
1324 3275 1563 3335 deiectis
1588 3274 2059 3356 detruncatisque

283 3379 505 3433 struem
542 3374 842 3453 ingentem
880 3375 1176 3451 lignorum¹
1211 3372 1453 3445 faciunt,
1482 3391 1740 3451 eamque,
1772 3392 1955 3451 quum
1996 3382 2060 3435 et
