2375 3842
58 1907 123 1968 k
164 1876 217 1917 0⁶¹

98 1963 143 1976 ,ι

302 198 415 257 146
938 246 947 254 .
1076 194 1302 256 LIVJJ
1387 203 1393 214 “

224 375 275 403 ιο
296 346 483 405 centis
505 346 702 404 hostes
723 346 1001 404 obstitene
1012 365 1031 419 3
1060 364 1239 421 quam
1258 350 1459 402 tutum
1486 342 1603 401 iter
1628 341 1877 399 duarum
1907 354 2085 416 prope

295 440 588 517 legionum
625 439 849 515 agmini
881 439 1150 500 futurum
1186 437 1434 498 censetis
1468 435 1683 494 fuisse?
1765 432 2086 492 Haberetis

294 536 468 596 hodie
494 535 710 612 viginti
749 535 936 598 millia.
970 541 1329 594 armatorum
1365 531 1609 591 Canusii
1646 531 1839 603 fortia,
1869 531 2084 604 fidelia,

293 639 491 710 patres
517 632 845 708 conscripti.
904 632 1084 692 Nunc
1110 637 1309 690 autem
1338 628 1828 706 quemadmodum
1851 627 1918 685 hi
1943 628 2086 687 boni

293 728 605 805 fidelesque
633 727 796 810 (nam
825 728 1049 787 ‘fortes'
1076 747 1153 786 ne
1191 727 1308 803 ipsi
1344 727 1581 802 quidem
1616 722 1900 802 dixerint)
1926 723 2085 783 cives

221 854 266 881 ιι
295 842 418 882 esse
454 821 745 899 possunt?
825 821 967 882 Nisi
1010 823 1143 898 quis
1185 821 1416 880 credere
1458 826 1669 897 potest,
1721 826 1827 878 aut
1869 819 2083 879 favisse

231 981 237 985 ,
294 915 749 991 erumpentibuS,
806 914 928 991 qui,
974 934 1051 972 ne
1111 920 1499 991 erumperent,
1555 908 1835 971 obsistere
1886 912 2084 971 conati

294 1016 451 1083 sunt,
499 1016 605 1069 aut
650 1029 772 1067 non
812 1009 1078 1070 invidere
1124 1029 1224 1069 eos
1268 1027 1451 1085 quum
1493 1007 1900 1079 incolumitati,
1948 1014 2082 1065 tum

293 1105 491 1182 gloriae
517 1105 756 1164 illorum
780 1125 886 1183 per
910 1105 1200 1164 virtutem
1236 1111 1434 1181 partae,
1463 1124 1650 1181 quum
1673 1104 1788 1162 sibi
1810 1102 2082 1162 timorem

293 1201 705 1278 ignaviamque
731 1202 1033 1261 servitutis
1048 1201 1446 1278 ignominiosae
1467 1219 1701 1259 causam
1726 1218 1849 1258 esse
1874 1198 2077 1260 sciant.

219 1317 270 1345 ¹²2
295 1297 643 1358 Maluerunt
669 1299 733 1355 in
759 1298 1035 1356 tentoriis
1057 1299 1308 1356 latentes
1334 1296 1510 1355 simul
1536 1296 1724 1354 lucem
1752 1301 1928 1374 atque
1953 1294 2082 1353 hos-

291 1398 415 1451 tem
459 1400 810 1471 exspectare,
858 1412 1039 1471 quum
1095 1390 1330 1450 silentio
1371 1390 1560 1449 noctis
1601 1388 1948 1466 erumpendi
1992 1407 2081 1448 oc-

293 1490 445 1549 casio
466 1497 632 1550 esset.
689 1492 767 1548 At
795 1490 870 1548 ad
890 1490 1314 1567 erumpendum
1338 1508 1373 1547 e
1392 1489 1595 1545 castris
1616 1486 1805 1545 defuit
1830 1486 2077 1559 animus,

220 1611 270 1650 23
294 1587 368 1645 ad
395 1588 648 1646 tutanda
673 1588 905 1646 fortiter
921 1593 1110 1646 castra
1129 1587 1396 1645 animum
1413 1587 1748 1644 habuerunt
1757 1606 1777 1659 ς
1802 1585 1926 1644 dies
1950 1603 2082 1644 noc-

235 1736 240 1743 .
293 1689 498 1761 tesque
525 1683 752 1760 aliquot
778 1684 996 1742 obsessi
1021 1684 1257 1742 vallum:
1271 1684 1466 1756 tumis»,
1488 1703 1551 1741 se
1575 1683 1690 1760 ipsi
1716 1681 1900 1740 tutati
1923 1681 2082 1740 vallo

293 1786 435 1838 sunt
453 1799 472 1852 3
512 1781 752 1838 tandem
777 1780 988 1838 ultima
1019 1780 1148 1838 ausi
1182 1780 1470 1857 passique,
1500 1799 1684 1857 quum
1719 1779 1917 1838 omnia
1950 1779 2081 1837 sub·

294 1876 443 1936 sidia
468 1876 606 1934 vitae
644 1877 911 1935 deessent
945 1877 1281 1953 affectisque
1320 1877 1473 1935 fame
1498 1877 1724 1935 viribus
1763 1896 1927 1935 arma
1959 1875 2081 1934 iam

74 1993 132 2052 ιχ·
208 2001 249 2036 υ
293 1974 579 2032 sustinere
601 1973 928 2050 nequirent,
948 1973 1394 2032 necessitatibus
1411 1975 1594 2051 magis
1614 1972 1887 2032 humanis
1903 1992 2080 2051 quam

219 2086 268 2125 24
291 2069 471 2128 armis
496 2070 640 2128 victi
669 2075 823 2128 sunt.
911 2069 1060 2128 Orto
1087 2068 1208 2128 sole
1243 2069 1530 2128 hostis-ad
1556 2069 1782 2128 vallum
1807 2068 2048 2128 accessit
2060 2088 2079 2142 3

291 2173 430 2226 ante
457 2167 771 2225 secundam
797 2166 1016 2242 horam,
1047 2166 1275 2226 nullam
1299 2167 1598 2225 fortunam
1625 2165 1959 2224 certaminis
1984 2185 2079 2224 ex-

216 2287 264 2325 25
291 2264 462 2340 perti,
484 2263 858 2322 tradiderunt
875 2282 1041 2322 arma
1064 2283 1132 2322 ac
1157 2264 1420 2341 seipsos
1480 2264 1629 2322 Haec
1648 2263 1814 2323 vobis
1832 2263 2081 2321 istorum

289 2379 395 2436 per
430 2358 678 2418 biduum
712 2360 930 2419 militia
964 2361 1095 2419 fuit.
1182 2359 1381 2430 Quum
1415 2359 1484 2419 in
1512 2360 1634 2418 acie
1666 2366 1821 2419 stare
1847 2379 1915 2418 ac
1940 2379 2082 2440 pug-

289 2475 429 2514 nare
470 2456 758 2520 decuerat,
803 2465 933 2514 tum
975 2457 1053 2514 in·
1084 2463 1280 2516 castra.
1319 2458 1697 2533 refugerunt3
1746 2477 1931 2534 quum
1972 2476 2079 2534 pro

289 2552 446 2611 vallo
487 2553 869 2630 pugnandum
911 2559 1071 2627 erat,.
1107 2560 1298 2614 castra
1341 2553 1728 2628 tradiderunt,
1778 2571 1968 2632 neque
2012 2554 2079 2611 in

218 2662 268 2700 26
289 2647 411 2705 acie
437 2666 627 2724 neque
652 2647 719 2704 in
746 2648 953 2716 castris
978 2649 1171 2710 utiles.
1259 2648 1343 2710 Et
1369 2668 1474 2706 vos
1500 2648 1820 2708 redimam?
1882 2649 2078 2720 Quum

289 2763 591 2822 erumpere
637 2764 666 2803 e
712 2744 917 2803 castris
971 2752 1235 2823 oportet„
1270 2746 1630 2804 cunctamini
1675 2766 1743 2805 ac
1791 2745 2077 2818 manetis3

289 2859 475 2922 quum
500 2859 735 2899 manere
761 2850 813 2899 et
839 2846 1029 2900 castra
1058 2842 1249 2902 tutari
1272 2843 1449 2900 armis
1480 2861 1711 2901 necesse
1736 2847 1843 2916 est,
1873 2847 1935 2900 et
1961 2858 2077 2898 cas-

217 2966 267 3003 27
290 2945 385 2996 tra
410 2942 472 2995 et
496 2956 659 2994 arma
684 2942 746 2996 et
770 2957 877 2996 vos
903 2937 1061 3013 ipsos
1085 2937 1321 2996 traditis
1346 2938 1518 2997 hosti.
1590 2925 1732 3015 Ego'
1743 2957 1864 2996 non
1889 2938 2074 3016 magis

287 3037 431 3094 istos
470 3035 849 3107 redimendos,
880 3039 1076 3111 patres
1108 3034 1440 3111 conscripti,
1474 3054 1694 3107 cense0,
1737 3053 1911 3112 quam
1944 3033 2077 3092 illos

239 3199 245 3208 ζ
289 3132 578 3191 dedendos
624 3131 970 3205 Hannibali,
1017 3131 1119 3208 qui
1159 3151 1267 3209 per
1307 3132 1528 3191 medios
1566 3132 1761 3191 hostes
1801 3151 1834 3191 e
1873 3131 2078 3190 castris

287 3232 606 3303 eruperunt
646 3247 714 3286 ac
755 3246 860 3305 per
899 3246 1189 3286 summam
1228 3227 1515 3287 virtutem
1559 3247 1623 3287 se
1662 3227 1869 3307 patriae
1914 3227 2076 3286 resti·

290 3322 587 3381 tuerunt.’'
