2375 3842
307 229 396 288 921
970 235 993 287 .’
1087 230 1186 289 LI
1190 231 1320 291 VII
1328 236 1334 240 '

308 382 478 454 cepta
511 375 833 450 dictatorie,
857 379 980 455 qui,
1011 385 1302 455 quantum
1326 361 1460 437 tuto
1486 383 1700 456 posset,
1728 385 2095 457 progressum

306 475 471 550 prius
509 474 767 551 recipere
797 494 921 534 sese
949 476 1218 550 iusserat,
1260 496 1437 553 quam
1472 477 1538 535 in
1570 482 1945 553 conspectum
1969 478 2097 536 hos-

257 588 281 626 7
307 570 463 627 tium
520 571 767 631 veniret.
867 559 1146 632 Numidae
1194 573 1302 632 alii
1349 580 1527 651 atque
1579 574 1683 631 alii
1729 581 2098 634 occursantes

306 667 777 746 refugientesque
820 670 899 728 ad
940 677 1131 729 castra
1176 690 1357 747 prope
1404 672 1530 747 ipsa
1571 690 1707 728 cum
1751 671 2098 747 fatigatione

260 775 283 813 8
307 783 590 840 equorum
630 772 806 842 atque
845 767 1151 825 hominum
1191 774 1545 843 pertraxere.
1628 767 1782 826 Inde
1816 768 2104 827 Carthalo

307 880 485 939 penes
523 881 698 938 quem
738 882 969 921 summa
1005 864 1292 940 equestris
1329 863 1564 940 imperii
1603 870 1750 936 erat,⁸
1790 865 2097 924 concitatis

306 958 472 1035 equis
506 959 794 1032 invectus,
832 967 1017 1037 quum
1063 960 1246 1037 prius,
1283 978 1462 1036 quam
1498 961 1577 1018 ad
1616 960 1944 1019 coniectum
1987 962 2097 1020 teli

304 1056 551 1129 veniret,
589 1056 900 1115 avertisset
935 1057 1157 1128 hostes,
1181 1056 1441 1132 quinque
1478 1057 1659 1116 ferme
1695 1058 1886 1116 millia
1914 1059 2097 1118 conti-

256 1174 281 1213 9
305 1153 476 1212 nenti
520 1173 696 1212 cursu
741 1161 980 1213 secutus
1000 1158 1006 1164 ’
1024 1160 1116 1213 est
1169 1154 1475 1232 fugientes,
1580 1154 1897 1213 Mancinus
1941 1160 2094 1233 post-

305 1270 483 1327 quam
521 1270 630 1310 nec
666 1250 898 1309 hostem
937 1251 1215 1310 desistere
1254 1250 1421 1328 sequi
1455 1270 1563 1310 nec
1588 1272 1750 1328 spem
1777 1252 1933 1310 vidit
1959 1253 2097 1311 effu-

304 1348 504 1424 giendi
542 1366 685 1420 esse,
728 1348 1066 1406 cohortatus
1105 1368 1240 1407 suos
1279 1348 1346 1406 in
1383 1348 1653 1425 proelium
1694 1349 1889 1422 rediit,
1933 1352 2096 1408 omni

233 1467 280 1493 10
303 1452 470 1521 parte
509 1444 729 1502 virium
769 1445 974 1521 impar.
1058 1446 1273 1523 Itaque
1312 1446 1439 1522 ipse
1479 1452 1542 1506 et
1579 1446 1793 1504 delecti
1825 1447 2093 1523 equitum

305 1541 692 1599 circumventi
732 1542 1116 1617 occiduntur;
1162 1543 1345 1601 ceteri
1395 1543 1577 1601 effuso
1626 1540 1894 1624 [rursus]
1922 1563 2098 1602 cursu

305 1636 474 1696 Cales
500 1637 773 1714 primum,
801 1637 939 1697 inde
965 1657 1146 1716 prope
1171 1639 1350 1697 inviis
1375 1640 1621 1699 callibus
1646 1641 1725 1699 ad
1751 1640 2095 1699 dictatorem

302 1733 702 1811 perfugerunt.
1428 1773 1433 1777 ·

424 1831 514 1889 Eo
540 1831 692 1889 forte
717 1831 815 1889 die
841 1830 1142 1890 Minucius
1162 1851 1225 1891 se
1251 1833 1640 1892 coniunxerat
1661 1834 1861 1907 Fabio,
1884 1834 2097 1894 missus

303 1948 375 2034 ἐξ
391 1948 514 1988 undu
535 1950 599 2033 ωιι
611 1949 713 1988 hom
750 1928 827 1985 ad
850 1928 1203 1987 firmandum
1228 1930 1497 2007 praesidio
1528 1930 1762 2004 saltum,
1791 1931 1900 2008 qui
1922 1951 2098 2009 super

303 1995 626 2088 Ται-ηὲᾞώ
680 2006 1118 2083 ‘Tarracinam
1154 2026 1226 2084 in
1270 2033 1426 2085 artas
1472 2034 1706 2086 coactus
1751 2028 1948 2087 fauces
1994 2029 2099 2087 im-

305 2120 493 2178 minet
524 2120 690 2193 mari,
719 2141 796 2180 ne
829 2122 905 2179 ab
941 2121 1219 2182 Sinuessa
1252 2122 1469 2184 Poenus
1493 2123 1708 2200 Appiae
1743 2124 1934 2183 limite
1971 2144 2100 2202 per-

230 2238 275 2264 12
302 2217 507 2276 venire
537 2217 606 2276 in
646 2237 855 2295 agrum
889 2218 1226 2286 Romanum
1264 2226 1474 2298 posset.
1561 2220 1903 2279 Coniunctis
1938 2241 2097 2280 exer·

304 2315 518 2373 citibus
560 2315 813 2375 dictator
854 2335 922 2375 ao
962 2317 1241 2394 magister
1286 2317 1554 2394 equitum
1601 2323 1791 2375 castra
1831 2317 1899 2375 in
1936 2318 2098 2376 viam

304 2412 591 2485 deferunt,
621 2432 738 2488 qua
765 2413 1075 2471 Hannibal
1098 2414 1385 2472 ducturus
1412 2420 1567 2488 erat3
1604 2414 1720 2471 duo
1746 2414 1886 2472 inde
1910 2414 2100 2471 millia

205 2507 274 2565 1‘6
304 2508 500 2567 hostes
545 2509 803 2568 aberant.
907 2509 1153 2569 Postero
1201 2511 1298 2569 die
1343 2509 1533 2584 Penni,
1580 2511 1739 2586 quod
1783 2510 1896 2569 viae
1940 2511 2100 2569 inter

257 2634 279 2661 ο
306 2605 450 2664 bina
473 2610 666 2663 castra
700 2611 843 2680 erat,
873 2607 1106 2684 agmine
1137 2607 1514 2684 complevere.
1601 2607 1799 2677 Quum
1840 2607 2100 2666 Romani

306 2701 472 2761 sub'
454 2719 582 2778 ipso
617 2702 1017 2761 constitissent
1045 2704 1222 2776 vallo,
1250 2698 1420 2761 haud'
1444 2702 1623 2762 dubie
1659 2702 1912 2779 aequiore
1953 2704 2098 2774 loco,

306 2817 711 2903 muscampis-th·
750 2799 1025 2858 successit
1076 2805 1279 2860 tamen
1330 2800 1551 2859 Poenus
1610 2819 1744 2858 cum
1810 2798 2101 2876 expeditis
2165 2879 2169 2883 Δ

307 2864 598 2958 'ti'nrossghwme
575 2863 712 2995 offitia}
751 2896 1161 2973 equitibusque
1241 2898 1319 2956 ad
1382 2896 1781 2955 lacessendum
1852 2895 2099 2954 hostem.

306 2966 454 3051 ἷῗὲιω
484 2965 628 2997 meana
664 2958 1018 3070 toOai-ptius
1065 2993 1239 3051 Poeni
1284 2999 1348 3052 et
1384 2992 1779 3070 procursando
1823 2991 2103 3069 reeipien-

257 3109 281 3148 3
309 3091 500 3167 doque
525 3108 649 3149 sese
673 3107 1047 3168 pugnavere3
1083 3089 1304 3147 resffitit
1329 3108 1436 3148 suo
1463 3088 1590 3147 loco
1616 3088 1889 3147 Romana
1912 3087 2103 3147 acies·
2082 3129 2106 3161 ,

308 3185 472 3245 lenta
514 3206 715 3264 pugna
753 3192 814 3246 et
853 3206 929 3245 ex
969 3185 1273 3245 dictatoris
1308 3187 1493 3263 magis
1528 3204 1708 3263 quam
1742 3183 2106 3243 Hannibalis

308 3283 430 3342 fuit
454 3284 775 3344 voluntate.
862 3284 1124 3344 Ducenti
1161 3284 1240 3343 ab
1276 3282 1579 3356 Romanis,
1612 3281 1940 3360 oefingenti
1976 3281 2107 3340 hos-

311 3381 466 3439 tium
491 3381 761 3443 cecidere.
860 3387 867 3392 '
