2375 3842
307 250 384 323 54
965 299 972 303 -
1084 263 1181 321 LI
1189 256 1316 323 ΠΙ

303 417 543 488 pestate,
586 431 705 489 qua
741 395 859 488 ipsi
895 398 1125 470 disiecti
1163 413 1372 484 forent,
1415 432 1542 471 eam
1582 397 1810 490 quoque
1847 414 2088 473 classem

258 523 282 562 6
304 510 379 568 acl
405 509 652 584 AEgates
677 507 897 565 insulas
924 508 1224 567 deiectam.
1296 508 1462 582 Haec,
1492 509 1645 567 sicut
1669 509 1872 568 audita
1899 518 2093 584 erant,

302 625 409 662 rex
450 605 535 662 M.
566 605 815 661 AEmilio
853 607 1102 682 praetori,
1146 606 1313 663 cuius
1359 605 1560 663 Sicilia
1599 607 1901 683 provincia
1943 612 2086 676 erat,

302 701 628 778 perscribit,
659 707 988 779 monetque,
1017 707 1090 760 ut
1123 701 1451 777 Lilybaeum
1486 703 1655 759 firmo
1685 708 1914 763 teneret
1948 722 2089 781 prae·

255 817 278 854 ⁷
304 794 466 856 sidio,
573 798 887 876 Extemplo
931 805 992 857 et
1035 819 1070 856 a
1113 805 1361 876 praetore
1407 794 1559 856 circa
1611 799 1882 858 civitates
1926 800 2089 858 missi

302 895 482 971 legati
523 894 879 973 tribunique,
909 895 1014 972 qui,
1053 916 1187 954 suos
1226 897 1301 953 ad
1341 880 1541 954 curam
1580 896 1857 954 custodiae
1900 897 2087 954 inten-

257 1002 282 1042 8
303 993 524 1066 derent,
553 1002 607 1050 ct
631 1001 771 1051 ante
796 995 994 1051 omnia
1028 993 1357 1069 Lilybaeum
1391 993 1581 1051 teneri
1613 1000 1899 1070 apparatu
1928 994 2084 1064 belli,

237 1164 242 1168 ι
304 1086 494 1147 edicto
531 1090 845 1167 preposite,
873 1097 944 1148 ut
983 1090 1126 1148 socii
1155 1088 1393 1147 navales
1431 1090 1629 1147 decem
1665 1090 1892 1147 dierum
1927 1096 2090 1148 cocta

306 1185 522 1244 cibaria
547 1188 623 1245 ad
648 1206 826 1245 naves
853 1187 1161 1259 deferrent,
1184 1192 1272 1258 ut,
1292 1186 1397 1243 ubi
1422 1186 1656 1263 signum
1687 1186 1891 1243 datum
1917 1192 2084 1258 esset,

303 1302 379 1340 ne
419 1283 561 1360 quid
601 1303 822 1341 moram
861 1282 1281 1340 conscendendi
1324 1283 1555 1357 faceret,
1596 1302 1815 1360 perque
1857 1301 2089 1340 omnem

305 1397 480 1452 oram,
501 1378 603 1455 qui
620 1399 694 1437 ex
714 1379 960 1456 speculis
980 1379 1376 1456 prospicerent
1395 1379 1809 1436 adventantem
1831 1378 2089 1436 hostium

257 1495 280 1533 9
305 1475 559 1546 classem,
590 1476 793 1535 missis.
858 1475 1086 1551 Itaque,
1114 1484 1447 1552 quanquam
1469 1475 1539 1532 de
1560 1475 1852 1533 industria
1877 1475 2088 1534 morati

303 1593 535 1632 cursum
573 1572 813 1629 navium
853 1577 1024 1630 erant
1063 1571 1575 1648 Carthaginiensis,
1611 1579 1682 1630 ut
1721 1579 1859 1630 ante
1898 1573 2087 1630 lucem

304 1669 639 1729 accederent
682 1668 1025 1743 Lilybaeum,
1066 1687 1420 1744 praesensum
1460 1675 1660 1727 tamen
1699 1676 1804 1740 est,
1848 1670 1988 1746 quia
2025 1676 2088 1727 et

218 1806 223 1811 ·
305 1767 446 1823 luna
489 1784 713 1842 pernox
736 1771 883 1838 serat
926 1770 988 1822 et
1029 1763 1276 1822 sublatis
1328 1766 1706 1823 armamentis
1752 1766 2082 1824 veniebant.

234 1892 284 1919 ιο
307 1861 621 1938 Extemplo
661 1856 896 1943 siquem,
937 1861 1140 1918 datum
1186 1880 1221 1918 e
1264 1860 1513 1937 speculis
1556 1867 1617 1920 et
1656 1861 1723 1918 in
1761 1862 1972 1938 oppido
2013 1861 2089 1920 ad

272 1954 275 1957 ’
305 1978 468 2016 arma
500 1959 925 2016 conclamatum
963 1963 1051 2014 est
1088 1962 1148 2014 et
1182 1956 1249 2014 in
1285 1975 1464 2014 naves
1501 1976 1910 2031 conscensumj,
1950 1970 2088 2034 pars

304 2055 562 2113 militum
587 2054 654 2111 in
680 2055 862 2111 muris
887 2059 1303 2129 portarumque
1342 2053 1708 2126 stationibus,
1738 2073 1873 2131 pars
1899 2055 1965 2111 in
1990 2073 2089 2111 na-

235 2177 279 2204 11
304 2152 475 2209 vibus
502 2155 684 2208 erant.
769 2149 851 2207 Et
885 2149 1408 2227 Carthaginienses,
1440 2150 1580 2227 quia
1612 2169 1739 2208 rem
1772 2152 1895 2208 fore
1930 2150 2089 2208 haud

305 2267 437 2306 cum
463 2247 765 2323 imparatis
801 2248 1132 2320 cernebant,
1161 2267 1347 2325 usque
1373 2247 1447 2304 ad
1479 2247 1667 2305 lucem
1703 2254 1880 2325 portu
1905 2268 1967 2306 se
1992 2248 2089 2306 ab·

304 2346 653 2418 stinuerunt‚
697 2344 996 2403 demendis
1041 2344 1420 2402 armamentis
1465 2363 1535 2402 eo
1580 2350 1841 2421 tempore
1888 2350 2089 2422 aptan-

236 2469 281 2497 ια
304 2441 491 2518 daque
531 2440 607 2499 ad
652 2461 909 2518 pugnam
945 2443 1128 2511 classe
1167 2442 1491 2517 absumpto,
1577 2441 1706 2500 Ubi
1741 2442 1960 2516 illuxit,
2002 2461 2089 2499 re-

303 2558 502 2615 cepere
559 2538 797 2595 classem
855 2538 923 2595 in
981 2538 1186 2611 altum,
1245 2544 1316 2596 ut
1369 2538 1624 2615 spatium
1676 2556 1886 2616 pugnae
1939 2545 2089 2597 esset

305 2633 645 2709 exitumque
685 2633 937 2691 liberum
983 2653 1017 2692 e
1054 2640 1231 2711 portu
1268 2653 1448 2692 naves
1485 2635 1746 2694 hostium
1787 2637 2083 2697 haberent.

234 2752 281 2790 13
305 2731 434 2787 Nec
480 2728 736 2786 Romani
773 2729 1168 2789 detrectavere
1207 2750 1481 2808 pugnam,
1521 2738 1584 2792 et
1622 2733 1900 2791 memoria
1939 2734 2091 2792 circa
2206 2805 2213 2811 .

303 2842 372 2884 ea
396 2825 525 2902 ipsa
557 2825 683 2883 loca
714 2830 1010 2901 gestarum
1036 2844 1235 2885 rerum
1267 2828 1408 2887 freti
1442 2833 1504 2887 et
1536 2830 1795 2887 militum
1821 2829 2089 2887 multitu-

208 2937 281 2995 50
304 2923 441 2982 dine
475 2941 541 2980 ac
566 2922 806 2980 virtute.
890 2922 1072 2981 Ubi
1055 2943 1122 2980 in
1156 2924 1344 2983 altum
1381 2926 1570 2985 evecti
1595 2930 1751 2996 sunt,
1783 2925 2089 2982 Romanus

301 3067 338 3106 ¹
352 3065 501 3106 routed
517 3064 580 3106 off
594 3065 702 3114 my
741 3038 1039 3078 conserere
1072 3036 1331 3097 pugnam
1367 3028 1427 3080 et
1462 3041 1537 3079 ex
1572 3022 1898 3098 propinquo
1934 3014 2090 3079 vires

258 3113 453 3182 „³⁰⁰¹”-
742 3118 1000 3176 conferre
1030 3118 1218 3191 velle3
1258 3124 1462 3177 contra
1501 3118 1731 3176 eludere
1769 3117 1988 3176 Poenus
2028 3124 2090 3177 et

304 3216 447 3285 arte,
477 3232 599 3271 non
624 3214 688 3271 vi
714 3233 838 3272 rem
864 3234 1082 3292 gerere,
1110 3215 1468 3293 naviumque
1494 3234 1670 3292 quam
1696 3214 1957 3273 virorum
1984 3220 2090 3274 aut

257 3331 283 3372 ³
306 3325 598 3367 armorum
637 3311 813 3369 malle
859 3317 1151 3370 certamen
1189 3311 1393 3371 facere.
1476 3310 1636 3369 Nam
1675 3317 1748 3370 ut
1785 3312 1956 3371 sociis
1990 3331 2090 3370 na—

263 3413 269 3420 '
303 3402 536 3465 valibus
570 3407 795 3466 affatim
827 3405 1173 3468 instructam
1210 3407 1466 3480 classem,
1506 3407 1595 3466 ita
1629 3404 1863 3487 inopem
1899 3408 2089 3467 milite
