2375 3842
926 254 1186 317 LIBER
1236 252 1420 315 XXI.
2021 246 2068 309 ὃ

267 405 502 483 imperii
553 409 706 463 esset
755 405 946 463 amnis
997 403 1281 476 Hiberus,
1338 400 1798 478 Saguntinisque
1850 396 2062 456 mediis

266 505 430 562 inter
453 501 700 578 imperia
725 501 979 559 duorum
1003 501 1353 578 populorum
1378 499 1619 557 libertas
1655 502 2001 555 servaretur.

389 598 470 657 In
515 597 912 657 Hasdrubalis
957 597 1151 656 locum
1190 596 1349 655 haud
1388 594 1570 654 dubia
1605 612 1700 653 res
1737 593 1872 666 fuit,
1913 591 2059 669 quin
2083 594 2130 653 3

267 697 656 774 praerogativa
689 694 982 767 militaris,
1011 713 1131 771 qua
1155 693 1453 770 extemplo
1490 690 1725 750 iuvenis
1750 689 2060 748 Hannibal

266 793 335 850 in
372 790 713 869 praetorium
755 791 985 849 delatus
1036 791 1471 867 imperatorque
1516 787 1747 864 ingenti
1793 785 2060 844 omnium

269 889 521 947 clamore
544 896 725 965 atque
750 906 989 946 assensu
1013 887 1345 964 appellatus
1371 891 1515 959 erat,
1545 887 1584 925 ⁴¹·
1612 886 1651 924 ⁴¹·
1687 884 1855 942 favor
1873 883 2061 961 plebis

267 986 637 1061 sequebatur.
696 984 881 1043 Hunc
900 984 1149 1043 vixdum
1169 986 1448 1061 puberem
1470 984 1625 1042 Has-
1660 1020 2059 1062 nuova-mecoenas

270 1081 487 1140 drubal
516 1082 737 1140 litteris
771 1082 848 1140 ad
879 1100 942 1139 se
980 1081 1339 1153 mei-eierat,
1378 1087 1622 1157 actaque
1660 1068 2060 1154 fflkffi'fflffl

268 1197 364 1236 res
394 1177 576 1236 etiam
611 1177 678 1235 in
705 1183 914 1237 senatu
948 1177 1157 1236 fuerat.
1242 1176 1509 1235 Barcinis
1534 1177 1624 1234 ni·
1659 1160 1804 1200 ⁸⁰“⁶‘¹
1817 1159 2059 1200 ΝΜ

269 1275 552 1346 tentibus,
580 1281 651 1333 ut
682 1280 1040 1334 assuesceret
1074 1274 1306 1332 militiae
1333 1273 1640 1331 Hannibal
1667 1279 1846 1351 atque
1870 1274 1937 1332 in
1962 1293 2060 1351 pa-

268 1378 467 1429 ternas
503 1372 834 1430 succederet
868 1391 1020 1448 opes,
1051 1371 1293 1442 Hanno,
1322 1369 1566 1429 alterius
1601 1369 1874 1428 factionis
1899 1370 2056 1447 prin-
2084 1396 2109 1434 ³

268 1487 418 1544 ceps,
439 1468 568 1526 “Et
583 1487 812 1544 aequum
830 1469 1125 1545 postulare
1139 1466 1416 1526 videtur''
1432 1466 1631 1544 inquit
1651 1472 1684 1502 ‘⁸
1696 1467 2054 1539 Hasdrubal,

267 1571 333 1622 et
374 1583 479 1642 ego
525 1571 726 1622 tamen
771 1584 893 1623 non
932 1583 1154 1637 censeo,
1200 1564 1358 1640 quod
1403 1564 1572 1641 petit,
1622 1564 2056 1625 ttibuendum.”

270 1661 466 1732 Quum
490 1660 875 1720 admiratione
897 1668 1021 1720 tam
1041 1661 1317 1738 ancipitis
1343 1662 1649 1719 sententiae
1674 1661 1739 1718 in
1768 1680 1831 1719 se
1857 1681 2057 1719 omnes
2080 1692 2106 1730 ⁴

268 1760 666 1831 convertisset,
724 1762 765 1796 ‘⁴
780 1759 1016 1817 Florem
1080 1759 1274 1817 aetatis
1288 1757 1322 1785 ”
1379 1759 1580 1836 inquit
1641 1762 1680 1792 “
1687 1756 2054 1838 Hasdrubal,

268 1875 440 1931 quem
483 1856 609 1932 ipse
650 1855 811 1931 patri
838 1855 1198 1913 Hannibalis
1236 1855 1552 1913 fruendum
1587 1855 1856 1932 praebuit,
1899 1854 2056 1913 iusto

266 1953 397 2010 iure
428 1972 566 2010 eum
592 1971 630 2010 a
654 1952 776 2010 filio
809 1952 998 2029 repeti
1033 1956 1266 2027 censet3
1306 1964 1413 2010 no's
1446 1957 1648 2010 tamen
1681 1951 1926 2011 minime
1964 1953 2058 2010 de-

267 2056 362 2107 cet
395 2050 769 2107 iuventutem
801 2054 1062 2106 nostram
1095 2066 1204 2124 pro
1234 2048 1482 2106 militari
1505 2049 1840 2106 rudimento
1870 2067 2054 2106 assue-

265 2146 457 2203 facere
496 2144 735 2202 libidini
777 2150 1104 2221 praetorum.
1187 2144 1295 2202 An
1329 2145 1439 2203 hoc
1478 2146 1769 2218 timemus,
1813 2165 1889 2204 ne
1933 2145 1997 2203 H
2000 2165 2056 2203 a·
2080 2170 2105 2210 ⁵

266 2241 522 2300 milcaris
563 2242 722 2299 filius
756 2242 937 2300 nimis
976 2262 1104 2300 sero
1142 2241 1391 2319 imperia
1435 2242 1745 2300 immodica
1785 2249 1849 2301 et
1888 2246 2057 2321 regni

267 2338 504 2416 paterni
541 2338 794 2416 speciem
818 2338 1037 2411 videat,
1070 2343 1149 2413 et,
1186 2339 1356 2397 cuius
1390 2340 1543 2414 regis
1580 2357 1794 2415 genero
1833 2339 2056 2398 heredi-

265 2434 410 2493 tarii
451 2434 573 2493 sint
602 2435 797 2493 relicti
827 2435 1121 2493 exercitus
1155 2435 1360 2508 nostri,
1388 2435 1515 2492 eius
1548 2434 1672 2494 filio
1703 2454 1912 2512 parum
1938 2457 2058 2495 ma-

265 2538 403 2589 ture
442 2531 805 2589 serviamus?
888 2531 1015 2607 Ego
1039 2531 1224 2589 istum
1248 2531 1524 2589 iuvenem
1549 2531 1708 2589 domi
1733 2533 2053 2592 tenendum
2078 2553 2104 2593 ο

265 2630 379 2687 sub
405 2628 647 2704 legibus,
678 2628 788 2685 sub
823 2629 1284 2704 magistratibuS,
1314 2627 1636 2686 docendum
1663 2630 1863 2688 vivere
1889 2650 2054 2708 aequo

264 2724 396 2782 iure
424 2744 559 2782 cum
584 2724 793 2783 ceteris
817 2743 1040 2798 censeo,
1061 2744 1137 2783 ne
1164 2726 1513 2802 quandoque
1539 2745 1756 2802 parvus
1781 2727 1877 2785 hic
1902 2728 2054 2806 ignis

264 2821 604 2879 incendium
637 2821 845 2897 ingens
886 2822 1258 2880 exsuscitet-'⁹
1342 2822 1545 2896 Pauci,
1582 2843 1652 2881 ac
1689 2825 1871 2882 ferme
1907 2827 2052 2902 opti·
2076 2826 2117 2884 4

263 2937 399 2976 mus
425 2918 688 2994 quisque,
714 2918 1003 2975 Hannoni
1029 2919 1500 2978 assentiebantur
1509 2939 1529 2992 3
1557 2920 1675 2992 sed,
1705 2926 1777 2977 ut
1801 2921 2054 2999 plerum-

265 3033 382 3091 que
404 3015 492 3087 fit,
523 3016 708 3073 maior
732 3034 868 3092 pars
894 3014 1198 3074 meliorem
1222 3016 1383 3074 vicit.

385 3112 612 3172 Missus
643 3112 954 3169 Hannibal
987 3112 1056 3169 in
1087 3111 1445 3189 Hispaniam
1482 3113 1676 3189 primo
1712 3114 1916 3173 statim
1956 3116 2051 3173 ad-

262 3214 450 3266 ventu
484 3227 717 3266 omnem
748 3208 1073 3266 exercitum
1106 3208 1175 3266 in
1200 3229 1261 3267 se
1287 3210 1614 3284 convertit3
1653 3230 1897 3272 Hanniba·
1921 3243 2052 3281 popu-

263 3304 666 3364 Hamilcarem
698 3305 975 3362 iuvenem
1017 3304 1316 3362 redditum
1358 3305 1473 3363 sibi
1517 3323 1613 3362 ve-
1651 3278 1773 3362 23³5
1787 3278 1872 3317 ’Μ
1887 3280 2050 3319 charac-
2075 3335 2100 3363 2

264 3408 417 3461 teres
435 3402 653 3460 milites
673 3401 936 3475 credere3
968 3401 1218 3459 eundem
1237 3402 1496 3477 vigorem
1523 3402 1593 3461 in.
1608 3403 1785 3460 vultu
1810 3404 2049 3481 vimque

1712 3518 1882 3581 1-2

2079 966 2132 1017 fl.
