2375 3842
892 248 1190 313 <cume
1240 250 1438 312 XXI:
1979 250 2054 310 23

278 394 521 459 Italiam
559 403 802 475 peteret,
846 396 1008 456 nuda
1048 403 1364 473 apertaque
1411 397 1694 456 Romanis
1738 397 1946 456 Africa
1981 397 2058 455 ab

284 497 484 556 Sicilia
510 502 675 568 esset,
705 494 901 553 valido
936 494 1205 571 praesidio
1243 494 1474 552 firmare
1512 513 1642 552 eam
1680 496 1888 553 statuit
1895 514 1915 569 ;
1952 513 2059 572 pro
2084 522 2133 552 ιι

284 614 353 660 eo
378 593 849 671 supplementum
874 591 998 667 ipse
1023 610 1100 648 ex
1130 590 1338 648 Africa
1370 591 1625 651 maxime
1658 591 2058 665 iaculatorum,

284 690 504 748 levium
530 690 724 760 armis,
760 688 953 764 petiit,
991 695 1061 745 ut
1098 687 1240 746 Afri
1271 686 1338 744 in
1371 686 1685 763 Hispania,
1713 687 1973 766 Hispani
1997 687 2065 747 in

287 787 509 859 Africa,
537 786 744 844 melior
776 784 979 861 procul
1012 786 1086 841 ab
1125 785 1297 841 domo
1332 784 1568 842 futurus
1597 790 1845 862 uterque
1879 784 2065 853 miles,

288 883 455 941 velut
504 883 728 940 mutuis
769 880 1105 958 pigneribus
1149 880 1411 958 obligati,
1456 881 1747 959 stipendia
1790 873 2063 944 facerent..

290 979 589 1038 Tredecim
615 978 804 1035 millia
841 978 1204 1053 octingentos
1243 979 1670 1055 quinquaginta
1707 979 1933 1055 pedites
1970 998 2070 1038 cue-
2095 1010 2143 1040 ι.

291 1082 478 1134 tratos
513 1075 676 1133 misit
713 1075 778 1131 in
819 1074 1086 1132 Africam
1125 1081 1187 1132 et
1225 1074 1552 1133 funditores
1591 1075 1851 1137 Baliares
1888 1077 2072 1135 octin-

292 1178 496 1249 gentos
522 1171 910 1248 septuaginta,
940 1171 1164 1246 equites
1204 1171 1423 1231 mixtos
1460 1190 1536 1228 ex
1569 1171 1773 1231 multis
1801 1172 2075 1249 gentibus

294 1270 456 1327 mille
481 1270 774 1329 ducentos.
861 1267 994 1324 Has
1031 1267 1224 1343 copias
1258 1266 1476 1343 partim
1511 1266 1853 1343 Carthagini
1887 1269 2077 1344 praesi-
2101 1295 2148 1334 η»,

295 1366 395 1424 dio
410 1385 548 1436 esse,
564 1366 781 1441 partim
800 1363 1077 1421 distribui
1096 1381 1202 1438 per
1218 1362 1487 1423 Afficam
1505 1361 1684 1423 iubet.
1742 1364 1931 1421 Simul
1947 1383 2078 1422 eon-

299 1461 675 1539 quisitoribus
689 1461 755 1518 in
769 1461 1040 1519 civitates
1059 1459 1267 1532 missis,
1289 1465 1571 1536 quattuor
1589 1459 1777 1524 millia
1796 1462 2078 1537 conscrip-

298 1566 364 1616 ta
382 1558 615 1617 delectae
629 1557 973 1630 iuventutis,
1001 1557 1335 1633 praesidium
1354 1556 1584 1614 eosdem
1603 1563 1665 1614 et
1683 1557 1925 1631 obsides,
1939 1557 2080 1615 duci

303 1654 712 1730 Carthaginem
749 1654 961 1727 iubet..
1014 1652 1226 1730 Neque
1272 1652 1625 1729 Hispaniam
1667 1652 2074 1731 negligendam
2104 1655 2180 1714 22

301 1758 480 1823 raum,
510 1757 687 1827 atque
718 1750 783 1809 id
815 1770 885 1809 eo
917 1750 1130 1823 minus,
1166 1749 1323 1826 quod
1363 1748 1524 1811 haud
1559 1749 1643 1826 ig-
1753 1812 1984 1863 mmm

301 1866 480 1906 narus
513 1854 657 1921 erat,
699 1847 1059 1910 circumitam
1093 1847 1168 1905 ab
1206 1846 1488 1907 Romanis
1519 1866 1646 1905 eam
2046 1895 2051 1901 .

303 1945 507 2020 legatis
532 1945 609 2002 ad
634 1943 1026 2003 sollicitandos
1065 1943 1407 2021 principum,
1435 1944 1676 2016 animos,
1719 1943 2083 2007 Hasdrubali
2106 1973 2132 2001 2

303 2040 490 2113 fiatri,
518 2041 649 2099 viro
682 2040 948 2117 impigr0‚
989 2059 1121 2098 eam
1158 2040 1519 2117 provinciam
1559 2040 1831 2113 destinat,
1872 2041 2088 2099 firmat-

305 2154 420 2213 que
458 2155 586 2194 eam
624 2137 846 2195 Africis
884 2136 1144 2197 maxime
1182 2136 1484 2213 praesidiis,
1512 2136 1777 2213 peditum
1802 2138 2086 2196 Afrorum

308 2233 578 2291 undecim
610 2232 871 2290 millibus
905 2232 1259 2309 octingentis
1293 2234 1744 2309 quinquaginta,
1776 2233 2089 2310 Liguribus

309 2330 604 2396 trecentis,
658 2329 991 2387 Baliaribus
1053 2328 1396 2405 quingentis.
1478 2329 1581 2387 Ad
1649 2329 1771 2391 haee
1827 2330 2087 2405 peditum
2113 2360 2137 2398 ³

310 2425 536 2485 auxilia
555 2425 743 2483 additi
768 2425 995 2501 equites
1021 2423 1482 2500 Libyphoenices,
1512 2425 1776 2494 mixtum
1802 2425 2090 2483 Punicum

312 2522 481 2581 Afris
531 2507 730 2597 genus}
774 2522 1191 2597 quadringenti
1233 2519 1660 2596 qwmquaqima
1705 2527 1767 2579 et
1818 2520 2093 2581 Numidae

314 2617 629 2694 Maurique
653 2617 857 2681 accolae
885 2616 1106 2698 Oceani
1137 2617 1215 2681 ad
1252 2617 1415 2680 mille
1453 2617 1774 2695 octingenti
1813 2625 1878 2677 et
1914 2638 2095 2696 parva

314 2716 638 2792 Ilergetum
661 2732 870 2777 manus
901 2732 978 2773 ex
1018 2712 1332 2789 Hispania,
1366 2713 1605 2773 ducenti
1643 2715 1884 2792 equites,
1913 2721 1990 2789 et,
2019 2735 2094 2774 ne

316 2812 474 2889 quod
497 2810 788 2871 terrestris
815 2810 1040 2868 deesset
1071 2809 1282 2870 auxilii
1315 2829 1514 2885 genus,
1553 2811 1847 2887 elephanti
1882 2812 2098 2888 vig-inti

320 2929 487 2970 unus.
572 2906 787 2967 Classis
816 2911 1096 2984 praeterea
1133 2905 1273 2964 data
1310 2907 1386 2965 ad
1424 2907 1705 2969 tuendam
1741 2908 2096 2966 maritimam
2117 2934 2145 2971 ⁴

319 3023 498 3077 oram,
540 3004 693 3080 quia,
737 3022 855 3080 qua
890 3013 1056 3078 parte
1094 3002 1239 3065 belli
1275 3005 1553 3077 vicerant,
1594 3022 1666 3063 ea
1703 3010 1836 3066 tum
1871 3023 2098 3081 quoque

320 3120 446 3160 rem
494 3107 760 3177 gesturos
813 3099 1108 3159 Romanos
1161 3100 1322 3163 credi
1378 3106 1624 3177 poterat,
1677 3100 2100 3177 quinquaginta

322 3197 781 3274 quinqueremes,
809 3197 1208 3273 quadriremes.
1230 3195 1375 3267 duae,
1403 3197 1668 3257 triremes
1683 3196 1943 3273 quinque
1952 3216 1972 3271 3
2000 3198 2100 3256 sed

322 3299 475 3369 aptae
498 3294 910 3369 instructaeque
935 3293 1179 3369 remigio
1213 3292 1461 3368 triginta
1495 3298 1555 3350 et
1590 3292 1720 3353 duae
1758 3293 2102 3371 quinquere-

318 3408 447 3455 mes
471 3396 642 3451 erant
665 3397 727 3449 et
753 3390 1016 3451 triremes
1042 3390 1315 3466 quinque.
