2375 3842
328 230 444 292 112
1106 230 1199 290 L]
1209 230 1333 291 VII

325 394 509 438 versas
565 377 973 453 dimicationis,
1033 398 1212 459 quam
1272 380 1543 439 omnibus
1594 379 1820 438 artibus
1873 380 2110 456 petebat
2167 451 2176 459 ς

278 498 305 540 3
326 473 528 548 hostie,
569 493 690 533 non
721 476 1050 550 veniebant,
1081 495 1265 555 eoque
1294 475 1506 554 inopine
1531 482 1622 535 est
1646 476 1915 534 redactus
1942 475 2119 534 Han-

324 570 504 646 nibal,
546 578 634 646 ut,
673 572 793 630 nisi
830 592 966 632 cum
1003 574 1154 651 fugas
1194 573 1383 651 specie
1421 573 1755 631 abeundum
1790 573 1848 631 ei
1881 573 2103 645 fuisset,

327 666 580 726 Galliam
631 670 988 747 repetiturus
1038 670 1235 744 fuerit,
1290 669 1457 729 nulla
1505 669 1711 728 relicta
1754 689 1858 747 spe
1911 670 2109 728 alendi

325 764 615 823 exercitus
659 765 726 823 in
764 767 848 825 eis
886 767 1044 840 locis,
1085 768 1138 825 si
1175 767 1548 844 insequentes
1588 767 1851 826 consules
1890 766 2106 825 eisdem

325 860 550 921 artibus
576 863 795 921 bellum
819 870 1108 941 gererent.

277 1002 303 1041 4
445 958 644 1028 Quum
682 960 758 1018 ad
798 961 1154 1020 Gereonium
1194 960 1313 1019 iam
1354 960 1547 1019 hieme
1586 959 1941 1036 impediente
1977 979 2107 1018 con·

321 1067 521 1161 {3933-
527 1070 723 1164 prom
762 1057 1010 1116 stitisset
1025 1057 1262 1131 bellum,
1273 1056 1652 1133 Neapolitani
1665 1056 1847 1133 legati
1854 1056 2106 1115 Romam

324 1160 370 1200 01
380 1161 492 1209 105⁸!
506 1162 614 1211 help-
760 1173 988 1215 venere.
1077 1156 1182 1214 Ab
1221 1156 1295 1213 iis
1334 1154 1720 1231 quadraginta
1757 1159 1973 1231 paterae
2008 1174 2107 1212 au-

322 1266 435 1307 reae
473 1249 672 1327 magni
709 1251 982 1328 ponderis
1020 1251 1086 1309 in
1125 1251 1347 1310 curiam
1386 1250 1564 1309 illatae
1603 1257 1783 1327 atque
1813 1251 1902 1308 ita
1925 1251 2107 1315 verba

287 1378 310 1415 ⁵
324 1345 491 1420 facta,
530 1353 602 1405 ut
637 1347 912 1422 dicerent,
949 1349 1096 1408 scire
1131 1368 1271 1422 sese,
1311 1348 1515 1425 populi
1544 1347 1801 1407 Romani
1835 1349 2105 1406 aerarium

324 1442 477 1500 bello
516 1443 832 1517 exhauriri,
875 1452 952 1518 et,
995 1465 1179 1523 quum
1219 1446 1393 1503 iuxta
1426 1464 1532 1522 pro
1566 1444 1811 1502 urbibus
1837 1444 2104 1521 agrisque

324 1539 609 1598 sociorum
634 1560 702 1599 ac
726 1561 833 1618 pro
859 1542 1049 1619 capite
1071 1549 1249 1619 atque
1267 1561 1400 1600 arce
1420 1541 1631 1613 Italiae,
1652 1542 1798 1600 urbe
1818 1541 2101 1613 Romana,

277 1652 303 1692 6
325 1641 503 1712 atque
537 1635 781 1713 imperio
805 1645 1059 1714 geratur,
1087 1657 1320 1715 aequum
1337 1623 1637 1697 censuisse
1662 1637 2100 1715 Neapolitanos,

325 1732 484 1808 quod
520 1733 650 1791 auri
688 1734 803 1791 sibi
836 1754 1019 1811 quum
1051 1734 1129 1793 ad
1158 1734 1512 1812 templorum
1547 1739 1837 1807 ornatum,
1866 1739 1998 1792 tum
2028 1734 2104 1791 ad

325 1828 649 1887 subsidium
688 1831 938 1889 fortunus
978 1851 1016 1888 a
1053 1830 1371 1889 maioribus
1406 1830 1680 1889 relictum
1708 1830 1881 1902 foret,
1915 1849 1983 1889 eo
2014 1830 2103 1888 iu·

280 1955 302 1993 7
325 1943 465 1983 vare
503 1927 784 2002 populum
821 1927 1173 1986 Romanum.
1257 1926 1324 1986 Si
1349 1947 1526 2005 quam
1552 1947 1719 2005 opem
1745 1927 1811 1985 in
1836 1946 1959 1986 sese
1985 1946 2102 1985 cre-

326 2021 546 2094 derent,
596 2023 798 2081 eodem
842 2024 1039 2082 studio
1083 2024 1263 2083 fuisse
1299 2025 1610 2083 oblaturos.
1696 2024 1949 2083 Gratum
1987 2024 2105 2082 sibi

323 2123 519 2194 patres
560 2119 855 2179 Romanos
891 2122 1288 2200 populumque
1327 2122 1637 2194 facturum,
1682 2122 1735 2179 si
1772 2140 1973 2180 omnes
2009 2141 2105 2180 res

276 2237 300 2277 s
325 2215 845 2295 Neapolitanorum
863 2237 998 2277 suas
1014 2218 1336 2292 duxissent,
1357 2218 1677 2295 dignosque
1695 2216 2101 2287 iudicaverint,

324 2313 401 2370 ab
438 2313 650 2392 quibus
690 2316 910 2374 donum
949 2296 1146 2374 animo
1176 2335 1245 2375 ac
1277 2315 1586 2374 voluntate
1626 2334 1844 2388 eorum,
1885 2314 1989 2392 qui
2035 2314 2104 2373 li-

326 2410 528 2470 bentes
565 2412 790 2486 darent,
832 2432 1009 2490 quam
1043 2433 1107 2471 re
1137 2414 1328 2471 maius
1357 2412 1719 2489 ampliusque
1758 2412 2100 2489 acciperent.

274 2527 300 2568 9
323 2506 557 2585 Legatis
591 2510 793 2584 gratiae
825 2516 968 2569 actae
994 2530 1102 2588 pro
1122 2509 1526 2569 munificentia
1549 2528 1842 2586 curaqu03
1881 2512 2100 2586 patera,

323 2622 452 2680 quae
477 2604 748 2681 ponderis
774 2605 1007 2664 minimi
1029 2606 1164 2680 fuit,
1193 2612 1443 2684 accepta.

224 2694 298 2753 33
444 2699 563 2758 Per
615 2701 845 2760 eosdem
889 2702 1013 2761 dies
1066 2703 1391 2780 speculator
1440 2701 1949 2779 Carthaginiensis,
1998 2701 2106 2778 qui

322 2840 456 2881 nomo
485 2840 521 2882 ,⁸
552 2846 626 2883 not
650 2845 721 2882 too
759 2818 865 2876 per
888 2798 1194 2858 biennium
1224 2799 1529 2871 fefellerat,
1559 2799 1765 2857 Romae
1789 2797 2107 2875 deprensus

275 2918 298 2946 ο
322 2888 456 2973 ξ’·ζῇξ
471 2888 724 2975 ,ἔξω
762 2895 1128 2973 praecisisque
1179 2896 1453 2954 manibus
1505 2894 1794 2969 dimissus,
1849 2900 1911 2952 et
1950 2893 2107 2951 servi

415 2982 488 3019 ant
505 2981 640 3020 action
659 2985 722 3020 to·

319 3025 451 3065 van-<1⁸
490 3028 562 3066 ,Μ
607 3027 722 3074 nugs
761 2991 1019 3068 quinque
1057 2999 1120 3050 et
1157 2992 1376 3068 viginti
1412 2991 1479 3049 in
1516 3010 1745 3049 crucem
1780 2990 1916 3065 acti,
1949 2990 2107 3067 quod

320 3070 722 3164 f{,;¹3.„·⁰⁰⁶.2¹3¹·:ssfi
758 3088 826 3146 in
880 3107 1083 3166 eampo
1147 3088 1370 3146 Martio
1422 3089 1858 3162 mammaeam
1924 3086 2107 3144 indici

319 3162 392 3201 ‘¹¹⁶
407 3163 632 3211 m
756 3183 897 3243 data
921 3184 1160 3243 liberm
1186 3190 1249 3243 et
1278 3185 1410 3242 aeris
1434 3185 1629 3261 gravis
1652 3184 1870 3261 viginti
1899 3184 2103 3242 minin„

273 3301 300 3341 ³
322 3273 532 3352 Legati
569 3282 632 3333 et
671 3276 747 3333 ad
787 3276 1129 3354 Philippum
1169 3277 1559 3336 Macedonum
1596 3297 1792 3354 regem
1831 3277 1999 3336 missi
2032 3277 2108 3334 ad

322 3372 746 3449 deposcendum
794 3373 1165 3432 Demetrium
1213 3374 1514 3448 Pharium,
1564 3375 1669 3451 qui
1712 3374 1869 3432 bello
1913 3374 2111 3433 victus
