2375 3842
912 241 1171 301 LIBER
1223 242 1403 301 XXI.
1966 241 2042 311 71

259 386 425 446 exilii
461 406 635 446 causa
672 387 862 446 solum
887 390 1173 448 vertisset.
1260 389 1455 465 Magis
1486 407 1594 465 pro
1627 389 1934 449 maiestate
1958 389 2045 449 vi-
2070 420 2120 449 ιο

259 482 470 542 delicet
492 483 728 559 imperii
751 483 1017 541 Arimini
1052 504 1231 561 quam
1258 485 1464 543 Romae
1499 484 1910 560 magistratum
1934 484 2044 543 ini·

258 584 463 637 turum
502 585 564 636 et
610 579 678 637 in
712 580 1041 639 deversorio
1073 581 1353 658 hospitali
1385 600 1562 659 quam
1604 581 1763 658 apud
1801 588 2044 659 penates

259 695 393 735 suos
431 681 780 752 praetextam
820 682 1210 753 sumpturum.
1247 676 1278 751 Η
1301 678 1602 736 Revocan-
1639 723 1728 763 'nae
1749 722 1792 762 ,n

258 773 400 831 dum
420 773 682 831 universi
701 773 1234 851 retrahendumque
1250 779 1602 834 censuerunt
1637 773 1735 855 ’ἐξιῇ
1763 770 2044 855 &tm

257 877 319 928 et
358 869 678 946 cogendum
711 870 997 928 omnibus
1039 872 1203 947 prius
1256 877 1600 949 praesentem
1640 870 1813 902 Μ

258 968 322 1024 in
361 967 499 1029 deos
533 966 911 1043 hominesque
944 967 1114 1045 fungi
1147 967 1364 1041 officiis,
1394 987 1574 1045 quam
1609 967 1685 1025 ad
1720 967 2043 1026 exercitum

257 1071 319 1123 et
363 1063 430 1123 in
475 1062 836 1139 provinciam
881 1064 1009 1122 iret,
1095 1064 1173 1122 In
1220 1084 1349 1122 eam
1395 1065 1749 1141 legationem
1797 1062 2041 1142 (legatos
2068 1084 2114 1112 ¹2

258 1163 416 1220 enim
441 1160 604 1239 mitti
630 1158 876 1238 placuit)
917 1161 987 1231 Q.
1033 1160 1342 1219 Terentius
1378 1170 1441 1219 et
1465 1161 1549 1218 M.
1583 1160 1891 1229 Antistius
1914 1180 2041 1237 pro-

255 1257 399 1315 fecti
432 1256 619 1315 nihilo
654 1257 842 1333 magis
867 1275 1005 1314 eum
1040 1264 1373 1331 moverunt,
1402 1276 1581 1334 quam
1611 1258 1802 1334 priore
1837 1275 2041 1315 consu·

255 1351 384 1407 latu
409 1349 622 1407 litterae
657 1355 965 1408 moverant
998 1353 1074 1409 ab
1109 1357 1321 1409 senatu
1347 1352 1557 1413 missso.
1640 1352 1868 1410 Paucos
1908 1357 2041 1428 post
2068 1375 2116 1412 ¹³

257 1446 384 1504 dies
422 1447 828 1521 magistratum
871 1446 1027 1519 iniit,
1070 1447 1516 1524 immolantique
1555 1449 1610 1506 ei
1649 1448 1875 1506 vitulus
1920 1449 2040 1507 iam

257 1541 411 1599 ictus
435 1559 470 1598 e
495 1542 765 1600 manibus
792 1543 1250 1602 sacrificantium
1274 1563 1400 1603 sese
1426 1564 1610 1622 quum
1635 1545 2037 1622 proripuisset,

256 1639 476 1698 multos
528 1641 969 1701 circumstantes
1022 1661 1228 1701 cruore
1277 1644 1590 1721 respersit;
1645 1643 1786 1720 fuga
1836 1643 2039 1720 procul
2067 1668 2113 1705 14

257 1735 439 1795 etiam
476 1737 665 1795 maior
698 1739 855 1815 apud
889 1740 1140 1815 ignaros,
1179 1739 1325 1816 quid
1364 1740 1770 1817 trepidaretur,
1806 1746 1868 1798 et
1906 1758 2039 1799 con-

257 1832 510 1889 cursatio
535 1832 666 1890 fuit.
753 1833 830 1890 Id
864 1854 902 1891 a
941 1834 1234 1913 plerisque
1257 1836 1323 1894 in
1361 1855 1535 1895 omen
1569 1836 1768 1913 magni
1796 1835 2039 1894 terroris

255 1935 570 2005 acceptum.
629 1929 984 2006 Legionibus
1009 1932 1147 1990 inde
1165 1933 1394 1991 duabus
1414 1953 1451 1990 a
1468 1932 1809 2009 Sempronio
1827 1931 2038 2008 prioris
2065 1959 2113 1998 ις

255 2027 399 2083 anni
431 2027 683 2099 consule,
713 2028 941 2085 duabus
981 2048 1018 2085 a
1057 2028 1120 2088 Ο.
1151 2029 1347 2087 Atilio
1386 2035 1634 2106 praetore
1673 2028 1943 2104 acceptis,
1970 2027 2037 2085 in

256 2122 561 2180 Etruriam
600 2143 706 2199 per
742 2124 1090 2202 Appennini
1127 2126 1396 2184 tramites
1436 2125 1730 2186 exercitus
1771 2124 1907 2183 duci
1946 2129 2037 2182 est

255 2224 493 2293 coeptus.
