2375 3842
338 226 418 287 94
946 275 953 284 ι
1044 228 1050 233 ·
1123 222 1356 284 LIVH
1391 223 1398 228 ·
1430 172 1458 202 ”

337 378 544 431 ventos
583 390 646 431 se
684 390 808 430 esse
847 370 965 429 rati
1002 371 1272 448 praesidio
1307 389 1616 432 excessere.
1709 371 1843 442 Qua
1888 372 2135 433 minime

336 470 528 527 densae
554 468 1139 540 micabant-flammae,
1167 468 1336 527 velut
1349 468 1712 527 tutissimum
1730 469 1848 528 iter
1864 453 2135 547 petentes

228 618 235 624 .
337 586 567 626 summa
590 566 884 624 montium
908 565 1063 642 iuga,
1083 572 1285 624 tamen
1308 565 1376 623 in
1400 566 1683 644 quosdam
1699 567 1880 625 boves
1904 568 2135 645 palatos

289 688 313 726 s
336 682 374 721 a
418 662 541 722 suis
581 662 854 739 gregibus
892 662 1245 721 inciderunt.
1345 663 1430 720 Et
1469 663 1661 741 primo
1698 682 1885 741 quum
1926 664 2134 742 procul

337 765 656 833 cernerent,
685 759 876 818 veluti
902 760 1165 817 flammas
1190 760 1541 836 spirantium
1572 760 1856 818 miraculo
1886 761 2132 819 attoniti

292 875 318 913 6
337 858 767 932 constiterunt3
809 856 1022 914 deinde
1056 862 1128 914 ut
1171 856 1433 914 humana
1469 856 1746 933 apparuit
1777 857 1955 931 fram,
1997 864 2131 920 tum

335 974 475 1013 vero
512 953 755 1012 insidias
780 953 900 1011 rati
938 971 1078 1027 esse,
1107 972 1243 1011 cum
1280 954 1499 1011 maiore
1535 952 1800 1012 tumultu
1831 953 2134 1012 concitant

335 1072 397 1109 se
430 1052 498 1109 in
531 1052 745 1128 fugam.
829 1050 981 1108 Levi
1016 1043 1264 1128 quoque'
1290 1054 1601 1109 armaturae
1638 1048 1899 1109 hostium
1937 1050 2134 1108 incur·

312 1167 497 1223 ·rere;
536 1154 796 1208 ceterum
821 1166 945 1205 nox
969 1152 1199 1223 aequato
1233 1146 1447 1205 timore
1477 1152 1718 1205 neutros
1743 1165 2004 1225 pugnam
2037 1146 2131 1205 in-

284 1282 310 1320 7
333 1246 614 1323 cipientes
639 1245 714 1304 ad
739 1245 930 1303 lucem
973 1243 1184 1303 tenuit.
1270 1242 1510 1302 Interea
1545 1249 1673 1302 toto
1698 1243 1933 1322 agmine
1958 1242 2133 1302 Han·

331 1343 495 1401 nibal
520 1343 792 1402 traducto
826 1360 934 1419 per
967 1340 1200 1413 saltum,
1231 1346 1293 1399 et
1326 1339 1673 1418 quibusdam
1707 1339 1775 1398 in
1806 1340 1936 1417 ipso
1969 1340 2130 1398 saltu

330 1441 591 1499 hostium
616 1438 920 1516 oppressis,
950 1437 1018 1496 in
1043 1457 1183 1515 agro
1208 1437 1478 1496 Allifano
1501 1437 1698 1515 posuit
1723 1443 1930 1497 castra.
2001 1437 2004 1440 ’

231 1543 308 1603 18
451 1537 636 1595 Hunc
663 1534 991 1594 tumultum
1017 1534 1204 1593 sensit
1230 1533 1486 1593 Fabius:
1520 1539 1778 1592 ceterum
1806 1539 1867 1592 et
1885 1532 2133 1593 insidias

772 1650 898 1689 esse
929 1636 1094 1689 ratus
1133 1636 1197 1688 et
1235 1631 1309 1694 ab
1347 1636 1635 1689 nocturno
1673 1631 1880 1707 utique
1919 1630 2131 1688 abhor-

330 1735 468 1820 ᾗῇ
516 1734 734 1819 We
773 1747 909 1786 rens
950 1727 1285 1798 certamine,
1318 1746 1453 1785 suos
1486 1727 1869 1785 munimentis
1907 1728 2123 1789 tenuit.

284 1864 310 1893 2
332 1824 579 1865 mountain.
773 1823 933 1881 Luce
985 1822 1177 1899 prima
1222 1823 1333 1881 sub
1389 1822 1529 1899 iugo
1582 1822 1802 1882 montis
1852 1823 2130 1901 proelium

330 1922 465 1996 fuit,
499 1941 617 1999 quo
655 1920 1034 1979 interclusam
1064 1921 1139 1977 ab
1175 1919 1296 1978 suis
1330 1911 1520 1978 levem
1557 1925 1919 1979 armaturam
1954 1920 2130 1979 facile

335 2017 578 2097 (etenim
615 2035 863 2075 numero
902 2016 1272 2092 aliquantum
1316 2016 1697 2095 praestabant)
1736 2016 1996 2075 Romani
2033 2036 2133 2076 su·

330 2119 644 2191 perassent,
663 2113 783 2172 nisi
809 2112 1215 2190 Hispanorum
1242 2112 1447 2171 cohors
1472 2112 1636 2171 adid
1661 2112 1858 2191 ipsum
1882 2112 2132 2173 remissa

282 2242 308 2280 3
330 2212 408 2269 ab
433 2211 776 2270 Hannibale
803 2210 1249 2287 supervenisset.
1314 2209 1403 2267 Ea
1428 2209 1713 2268 assuetior
1736 2209 2040 2270 montibus
2065 2217 2132 2270 et

330 2310 407 2367 ad
438 2309 902 2369 concursandum
937 2307 1096 2366 inter
1127 2327 1273 2366 saxa
1305 2325 1594 2384 rupesque
1627 2307 1820 2385 aptior
1844 2326 1914 2366 ac
1937 2306 2130 2367 levior

330 2426 512 2484 quum
537 2406 853 2466 velocitate
888 2423 1215 2482 corporum,
1240 2409 1372 2462 tum
1398 2421 1695 2461 armorum
1717 2403 1946 2479 habitu,
1976 2423 2134 2463 cam-

329 2509 584 2579 pestrem
628 2503 872 2574 hostem,
915 2521 1156 2578 gravem
1201 2500 1381 2559 armis
1421 2501 1863 2578 statariumque,
1912 2521 2130 2581 pugnae

281 2631 305 2666 4
330 2618 540 2674 genere
564 2598 738 2656 facile
764 2597 953 2655 elusit.
1038 2598 1140 2656 Ita
1172 2598 1627 2675 haudquaquam
1651 2601 1782 2676 pari
1808 2600 2131 2659 certamine

331 2693 590 2769 digressi,
614 2691 900 2768 ·Hispani
939 2691 1060 2749 fere
1103 2711 1306 2751 omnes
1344 2693 1682 2766 incolumes,
1725 2694 1987 2752 Romani
2023 2696 2132 2754 ali-

330 2792 476 2864 quot
501 2786 624 2845 suis
648 2785 874 2844 amissis
891 2785 959 2843 in
984 2792 1174 2845 castra
1200 2788 1641 2847 contenderunt.

282 2916 308 2954 ⁵
450 2885 673 2945 Fabius
694 2903 927 2962 quoque
945 2883 1133 2940 movit
1155 2890 1361 2955 castra,
1380 2889 1889 2961 transgressusque
1908 2884 2134 2945 saltum

331 3004 599 3045 nothamies
609 3013 733 3044 move
772 2999 948 3056 super
966 2977 1186 3036 Allifas
1211 2977 1337 3036 loco
1357 2978 1477 3036 alto
1503 2996 1571 3051 ae
1588 2977 1821 3037 munito
1845 2978 2131 3041 consedit.

283 3091 309 3130 6
330 3052 510 3138 {2⁰3⁸ss
522 3050 733 3147 Affi'
772 3075 924 3133 Tum
977 3094 1083 3152 per
1137 3072 1445 3132 Samnium
1495 3072 1747 3131 Romam
1803 3093 1867 3132 se
1927 3080 2138 3152 petere

329 3175 612 3233 simulans
647 3171 958 3233 Hannibal
1000 3190 1188 3248 usque
1240 3170 1308 3227 in
1360 3169 1635 3246 Pelignos
1676 3171 2138 3247 populabundus

331 3270 508 3329 rediit
529 3289 549 3344 3
588 3268 812 3328 Fabius
838 3266 1066 3325 medius
1100 3266 1262 3323 inter
1285 3263 1546 3322 hostium
1571 3281 1783 3337 agmen
1808 3265 2139 3342 urbemque

331 3362 585 3422 Romam
622 3363 780 3440 iugis
818 3360 1083 3433 ducebat,
1122 3377 1231 3417 nec
1270 3359 1556 3417 absistens
1587 3374 1695 3414 nec
1735 3360 2133 3437 congrediens.

330 1689 397 1729 his
407 1689 582 1738 Spanlsh
591 1690 735 1780 ιτοοὶςιν
