2375 3842
364 264 401 321 4
1142 262 1241 319 LI
1246 256 1373 320 VII
1395 258 1399 262 Α

362 409 428 466 in
466 409 666 482 oculis,
703 409 974 466 habitum
1006 410 1123 466 oris
1156 409 1627 485 lineamentaque
1665 409 1902 469 intueri.
1988 411 2144 469 Dein

360 506 528 565 brevi
563 506 770 579 effecit,
811 513 884 564 ut
919 512 1087 582 pater
1125 505 1189 563 in
1227 525 1288 564 se
1328 506 1640 563 minimum
1673 496 2035 587 momentum
2071 510 2145 566 ad

311 639 336 679 3
360 603 618 661 favorem
638 602 1069 660 conciliandum
1088 607 1256 662 esset.
1323 601 1648 678 Nunquam
1667 601 1973 679 ingenium
1991 603 2144 665 idem

360 700 435 757 ad
480 719 572 757 ιω
626 700 1066 772 diversissimas,
1112 700 1435 776 parendum
1490 705 1667 776 atque
1719 690 2142 777 imperandum,

360 795 613 854 habilius
655 796 787 856 fuit.
871 795 1085 873 Itaque
1124 796 1281 854 haud
1323 797 1493 854 facile
1533 797 1904 868 discerneres,
1942 803 2143 857 utrum

310 919 332 955 4
360 894 698 971 imperatori
723 913 801 952 an
828 894 1113 951 exercitui
1140 893 1328 951 carior
1354 900 1545 970 essetj
1587 910 1778 971 neque
1791 888 2145 954 Hasdrubal

360 991 544 1049 alium
578 1004 931 1067 quemquam
966 990 1258 1067 praeficere
1293 990 1484 1062 malle,
1513 989 1630 1048 ubi·
1650 990 1794 1066 quid
1820 991 2052 1049 fortiter
2078 1012 2145 1052 ac

359 1094 596 1147 strenue
643 1089 932 1164 agendum
976 1094 1144 1160 esset,
1187 1105 1378 1163 neque
1418 1086 1635 1145 milites
1675 1087 1792 1145 alio
1826 1088 1972 1147 duce
2010 1089 2144 1166 plus

311 1215 334 1252 5
358 1185 644 1244 confidere
679 1185 786 1242 aut
820 1184 1047 1244 audere.
1133 1183 1467 1242 Plurimum
1505 1183 1762 1241 audaciae
1784 1184 1862 1242 ad
1887 1185 2145 1262 pericula

361 1282 724 1359 capessenda,
754 1281 1072 1358 plurimum
1105 1280 1336 1338 consilii
1370 1277 1528 1337 inter
1561 1279 1689 1357 ipsa
1714 1280 1971 1356 pericula
1996 1291 2137 1341 erat.

274 1440 277 1445 ,
363 1379 545 1438 Nullo
572 1379 768 1437 labore
803 1383 909 1435 aut
935 1394 1142 1453 corpus
1176 1376 1415 1452 fatigari
1445 1382 1552 1434 aut
1587 1376 1817 1435 animus
1852 1378 2012 1436 vinci
2045 1398 2143 1456 po-

311 1499 337 1539 6
357 1481 526 1535 terat.
611 1474 835 1533 Galoris
867 1493 934 1531 ac
970 1472 1204 1550 frigoris
1240 1473 1527 1549 patientia
1560 1492 1707 1550 par3
1760 1474 1876 1533 cibi
1914 1476 2141 1553 potion-

357 1572 521 1648 isque
548 1571 833 1629 dcsiderio
869 1570 1146 1643 naturali,
1175 1589 1297 1628 non
1321 1570 1626 1646 voluptate
1664 1572 1872 1629 modus
1909 1572 2112 1630 finitus
2123 1595 2141 1647 3

356 1669 691 1745 vigiliarum
731 1667 1033 1743 somnique
1076 1687 1183 1725 nec
1235 1666 1332 1724 die
1372 1686 1482 1724 nec
1524 1673 1696 1726 nocte
1741 1667 2141 1728 discriminata

308 1807 333 1844 ⁷
357 1771 654 1843 tempora3
699 1765 778 1836 id,
824 1765 985 1841 quod
1026 1763 1295 1841 gerendis
1342 1744 1516 1823 rebus
1570 1772 1908 1842 superesset,
1953 1767 2141 1841 quieti

356 1863 559 1921 datum
580 1882 599 1936 3
636 1882 708 1920 ea.
732 1880 923 1938 neque
947 1861 1112 1918 molli
1138 1866 1324 1918 strato
1349 1879 1540 1937 neque
1565 1860 1798 1919 silentio
1828 1862 2138 1935 accersitaf

356 1959 531 2018 multi
585 1977 731 2034 saepe
783 1957 1028 2015 militari
1080 1957 1282 2033 sagulo
1335 1964 1602 2033 opertum
1643 1956 1812 2015 humi
1853 1958 2139 2017 iacentem

355 2056 513 2114 inter
565 2055 855 2113 custodias
907 2054 1305 2129 stationesque
1369 2054 1630 2112 militum
1690 2057 2134 2131 consPexerunt.

306 2182 332 2223 3
354 2154 625 2212 Vestitus
665 2151 818 2210 nihil
869 2150 1027 2209 inter
1070 2150 1320 2228 aequales
1367 2169 1507 2208 exce
1554 2169 1695 2223 ens3
1751 2170 1916 2210 arma
1960 2161 2138 2230 atque

355 2251 491 2328 equi
512 2249 1029 2327 conspiciebantur.
1086 2248 1374 2324 Equitum
1394 2267 1466 2325 pe
1511 2248 1772 2325 'tumque
1792 2248 1949 2308 idem
1968 2249 2138 2328 longe

354 2348 577 2426 primus
621 2352 787 2421 erat3
828 2345 1096 2423 princeps
1133 2345 1200 2402 in
1239 2344 1509 2421 proelium
1548 2344 1691 2417 ibat,
1724 2345 1972 2405 ultimus
2010 2367 2138 2406 con-

302 2477 328 2516 9
355 2452 509 2503 serto
544 2443 749 2522 proelio
788 2443 1119 2502 excedebat.
1206 2440 1338 2500 Has
1373 2447 1570 2499 tantas
1608 2441 1727 2499 viri
1760 2442 2014 2502 virtutes
2052 2445 2137 2501 in-
2251 2528 2256 2533 .

354 2541 557 2619 gentia
593 2540 746 2599 vitia
792 2540 1115 2617 aequabant,
1157 2538 1483 2597 inhumana
1524 2539 1852 2613 crudelitas,
1897 2540 2136 2616 perfidia

353 2638 487 2715 plus
517 2656 691 2714 quam
719 2636 959 2710 Punica,
989 2635 1140 2694 nihil
1167 2635 1312 2710 veri,
1335 2636 1485 2694 nihil
1511 2636 1716 2708 sancti,
1738 2637 1938 2695 nullus
1963 2639 2134 2695 deum

279 2769 329 2797 ,ο
352 2740 559 2805 metus,
590 2733 818 2791 nullum
855 2733 948 2792 ius
980 2732 1313 2806 iurandum,
1341 2733 1507 2791 nulla
1541 2732 1762 2809 religio.
1849 2733 2000 2791 Cum
2026 2734 2134 2791 hac

351 2830 547 2888 indole
585 2829 875 2888 virtutum
916 2836 1094 2907 atque
1126 2831 1408 2889 vitiorum
1444 2830 1702 2888 triennio
1734 2830 1846 2888 sub
1872 2829 2133 2888 Hasdru·

350 2927 482 2985 bale
522 2925 871 3004 imperatore
912 2926 1144 2998 meruit,
1184 2926 1351 2983 nulla
1387 2945 1467 2997 re,
1504 2944 1633 3000 quae
1679 2926 1905 3002 agenda.
1937 2925 2134 2983 viden-

351 3024 540 3099 daque
565 3042 775 3100 magno
800 3023 1001 3080 futuro
1027 3022 1163 3079 duci
1189 3027 1356 3092 esset,
1384 3021 1786 3097 proeteimissa.

287 3123 324 3182 δ
472 3120 762 3191 Ceterum,
782 3139 858 3176 ex
884 3137 1001 3195 quo
1026 3118 1123 3176 die
1141 3118 1268 3176 dux
1286 3125 1376 3176 est
1403 3118 1746 3193 declaratus,
1767 3119 1937 3178 velut
1957 3121 2133 3180 Italia

350 3265 469 3306 m
506 3276 535 3307 ι
566 3265 665 3307 vm
700 3268 746 3306 to
784 3215 841 3274 ei
867 3215 1168 3292 provincia
1187 3215 1421 3274 decreta
1444 3216 1778 3293 bellumque
1799 3218 2129 3276 Romanum

350 3312 539 3352 '¹¹''sth
552 3312 682 3352 ¹³⁰¹¹¹0
692 3312 745 3352 ¹¹0
782 3312 1128 3371 mandatum
1148 3319 1318 3386 esset,
1341 3312 1493 3369 nihil
1514 3312 1925 3389 prolatandum
1950 3320 2129 3384 ratus,

299 3355 324 3384 ⁸
350 3359 519 3400 reduces
543 3360 612 3399 the
627 3359 745 3399 Olea-

346 3405 420 3447 ὼ·
782 3427 860 3468 ne
905 3428 968 3468 se
1020 3428 1275 3487 quoque,
1320 3416 1391 3467 ut
1433 3415 1658 3487 patrem
1712 3409 2127 3477 Hamilcarem,
