2375 3842
377 227 455 286 50
1014 270 1023 278 ,
1156 229 1257 287 LI
1262 219 1388 289 VII

374 375 651 452 potienda
688 381 920 453 sperata
951 377 1083 451 rati,
1113 378 1383 454 proelium
1410 398 1530 438 uno
1563 378 1757 438 animo
1783 385 1845 439 et
1870 399 2008 440 voce
2036 401 2156 440 una

374 475 642 545 poscunt.

269 563 346 622 46
491 567 676 642 Apud
715 567 1011 625 Romanos
1037 569 1485 646 haudquaquam
1517 576 1686 628 tanta
1711 571 1980 630 alacritas
2008 582 2150 648 erat,

371 675 666 770 c‘rgxlfmlgnffi
690 675 772 761 (ἷξε
810 683 985 741 super
1035 672 1229 723 cetera
1290 667 1620 724 recentibus
1680 668 1860 725 etiam
1915 671 2153 729 territos

322 781 347 808 2
373 776 514 806 omem
809 760 1120 838 prodigiis3
1161 781 1300 819 nam
1326 767 1389 820 et
1414 763 1587 839 lupus
1611 763 1937 822 intraverat
1963 771 2152 823 castra

371 855 721 932 laniatisque
757 857 946 914 obviis
991 859 1114 933 ipse
1169 859 1430 917 intactus
1470 866 1754 931 evaserat,
1795 867 1858 918 et
1904 881 2151 919 examen

318 967 343 1007 3
369 971 546 1029 apum
573 952 646 1009 -in
680 954 884 1011 arbore
909 943 1181 1030 praetorio
1207 954 1550 1012 imminente
1577 956 1926 1036 consederat.
2005 957 2151 1027 >Qui-

370 1050 478 1108 bus
503 1051 856 1127 procuratis,
902 1051 1097 1127 Scipio
1135 1071 1269 1110 cum
1308 1052 1577 1128 equitatu
1618 1053 2148 1130 iaculatoribusque

368 1141 655 1223 expeditis
705 1147 1000 1223 profectus
1050 1146 1127 1204 ad
1178 1152 1370 1205 castra
1408 1148 1667 1205 hostium
1705 1167 1782 1206 ex
1823 1147 2149 1225 propinquo

367 1243 682 1318 copiasque,
709 1248 940 1318 quantae
967 1249 1029 1299 et
1055 1243 1220 1300 cuius
1245 1244 1474 1320 generis
1509 1251 1720 1316 essent,
1755 1245 2144 1321 speculandas,

292 1356 299 1361 ·
330 1360 331 1363 ¹
366 1341 573 1399 obvius
625 1340 697 1397 fit
742 1340 1071 1397 Hannibali
1114 1348 1179 1398 et
1230 1341 1344 1417 ipsi
1390 1360 1524 1399 cum
1570 1341 1868 1417 equitibus
1921 1341 1999 1399 ad
2050 1361 2147 1399 ex-

317 1461 342 1499 4
366 1437 650 1514 ploranda
695 1437 846 1494 circa
888 1438 1014 1494 loca
1052 1456 1364 1513 progresso,
1452 1438 1675 1497 Neutri
1703 1438 1917 1496 alteros
1957 1437 2146 1514 primo

366 1533 714 1606 cernebant3
753 1532 985 1589 densior
1014 1531 1225 1589 deinde
1260 1533 1488 1590 incessu
1527 1541 1616 1592 tot
1647 1533 1949 1591 hominum
1975 1551 2147 1608 equo·

364 1646 605 1702 rumque
631 1626 824 1683 oriens
846 1626 1042 1702 pulvis
1069 1626 1301 1702 signum
1335 1627 1856 1703 propinquantium
1886 1626 2140 1683 hostium

364 1724 495 1782 fuit.
585 1722 868 1780 Consistit
896 1730 1212 1798 utrumque
1247 1742 1471 1798 agmen,
1503 1729 1565 1780 et
1601 1723 1676 1779 ad
1715 1721 1984 1798 proelium
2021 1740 2144 1778 sese

314 1842 338 1876 υ
364 1819 763 1896 expediebant.
850 1817 1042 1894 Scipio
1084 1817 1430 1885 iaculatores
1470 1825 1533 1876 et
1578 1817 1778 1874 Gallos
1813 1816 2037 1892 equites
2077 1815 2144 1872 in

360 1915 554 1973 fronte
622 1914 791 1986 locat,
865 1914 1162 1971 Romanos
1236 1913 1635 1990 sociorumque
1697 1916 1855 1992 quod
1920 1915 2144 1974 roboris

360 2011 494 2082 fuit,
542 2011 608 2068 in
652 2011 938 2070 subsidiis.
1026 2011 1333 2068 Hannibal
1372 2011 1628 2069 frenatos
1661 2014 1889 2089 equites
1924 2013 1989 2071 in
2025 2032 2142 2070 me·

314 2135 339 2167 ο
362 2107 526 2164 dium
550 2107 775 2184 accipit,
799 2126 1015 2165 cornua
1036 2107 1317 2165 Numidis
1334 2107 1545 2165 firmat.
1611 2107 1878 2165 Vixdum
1895 2109 2142 2166 clamore

360 2203 606 2277 sublato,
641 2204 985 2262 iaculatores
1020 2204 1300 2279 fugerunt
1331 2204 1490 2261 inter
1530 2204 1791 2262 subsidia
1828 2206 1904 2263 ad
1943 2222 2142 2263 secun-

361 2299 494 2357 dam
509 2374 511 2376 p
527 2300 720 2358 aciem.
793 2300 944 2358 Inde
980 2300 1246 2378 equitum
1284 2305 1576 2357 certamen
1613 2307 1741 2358 erat
1779 2300 2141 2377 aliquamdiu

360 2415 608 2472 anceps3
650 2397 787 2454 dein
817 2398 960 2473 quia
986 2397 1304 2454 turbabant
1332 2415 1508 2472 equos
1533 2396 1758 2472 pedites
1785 2397 2136 2467 intermixti,

360 2491 563 2546 multis
601 2489 933 2546 labentibus
959 2509 1035 2546 ex
1062 2490 1228 2565 equis
1264 2497 1371 2548 aut
1406 2490 1824 2564 desilientibus,
1866 2492 1971 2548 ubi
2007 2509 2140 2549 suos

359 2586 546 2662 premi
583 2585 1006 2643 circumventos
1041 2587 1345 2657 vidissent,
1373 2586 1491 2646 i'am
1524 2607 1737 2664 magna
1768 2608 1845 2645 ex
1869 2593 2038 2664 parte
2063 2585 2139 2643 ad

359 2680 532 2757 pedes
565 2697 765 2756 pugna
798 2686 1053 2752 venerat,
1089 2681 1272 2739 donec
1307 2681 1600 2752 Numidae,
1631 2682 1735 2757 qui
1765 2681 1832 2738 in
1866 2679 2138 2738 cornibus

360 2781 541 2846 erant,
587 2774 962 2833 circumvecti
1006 2774 1249 2849 paulum
1290 2777 1364 2833 ab
1410 2782 1576 2852 tergo
1628 2796 1695 2835 se
1731 2775 2136 2834 ostenderunt.

311 2886 336 2924 7
359 2871 423 2928 Is
464 2889 648 2947 pavor
688 2869 938 2946 perculit
985 2869 1299 2943 Romanos,
1345 2872 1629 2948 auxitque
1681 2888 1955 2947 pavorem
2007 2890 2129 2928 con·

360 2966 502 3029 sulis
541 2966 758 3023 vulnus
811 2964 1265 3041 periculumque,
1310 2966 1641 3024 intercursu
1691 2972 1823 3022 tum
1877 2966 2135 3041 primum

312 3089 336 3128 g
360 3108 432 3138 are
454 3097 628 3138 worsted
657 3097 700 3136 {n
730 3107 758 3136 a
783 3060 1165 3136 ‚pubescentis
1209 3060 1318 3117 filii
1351 3061 1769 3137 propulsatum.
1854 3061 1976 3118 Hic
2011 3070 2139 3119 erat

361 3146 759 3229 ffi‘ffissffingguffi}
796 3156 1043 3230 iuvenis,
1065 3175 1243 3233 penes
1269 3175 1442 3232 quem
1468 3156 1710 3232 perfecti
1733 3155 1973 3215 huiusce
1998 3156 2139 3214 belli

361 3235 573 3297 'mmm’
640 3201 668 3238 p
794 3254 926 3313 laus
952 3260 1055 3327 est,
1079 3254 1401 3312 Africanus
1426 3254 1502 3311 ob
1528 3253 1815 3330 egregiam
1832 3253 2139 3312 victoriam

310 3379 338 3420 9
363 3348 434 3408 de
499 3349 846 3409 Hannibale·
903 3350 1216 3427 Poenisque
1266 3349 1603 3426 appellatus.
1716 3350 1882 3427 Fuga
1939 3352 2140 3418 tamen
