2375 3842
327 255 443 317 138
1107 251 1208 315 LI
1212 251 1338 316 VII

324 403 680 482 exploranda
723 404 1125 480 noscendaque
1169 422 1278 481 per
1320 399 1599 480 impigros
1650 397 1897 459 iuvenes
1943 405 2107 474 esse3

324 499 474 558 illud
499 518 605 576 per
629 503 826 576 patres
851 495 1007 576 ipsos
1038 498 1347 575 agendum,
1365 497 1643 575 quoniam
1661 498 2109 575 magistratuum

324 611 536 668 parum
580 592 674 665 sit,
719 597 792 650 ut
841 593 1170 652 tumultum
1222 612 1289 651 ac
1342 591 1792 671 trepidationem
1848 593 1915 651 in
1966 593 2112 651 urbe

324 688 555 763 tollant,
598 694 895 747 matronas
940 689 1173 767 publico
1219 694 1458 748 arceant
1504 688 1907 767 continerique
1952 687 2114 747 intra

279 808 303 845 ⁷
327 804 498 844 suum
530 804 822 864 quamque
856 786 1038 845 limen
1074 791 1301 863 cogant,
1330 786 1722 864 comploratus
1756 786 2112 846 familiarum

326 887 643 956 coerceant,
672 883 975 942 silentium
999 903 1105 961 per
1129 884 1337 941 urbem
1371 883 1606 957 faciant,
1635 884 1878 943 nuntios
1914 903 2114 943 rerum

328 976 589 1037 omnium
627 979 704 1039 ad
742 985 1018 1058 praetores
1058 980 1425 1039 deducendos
1459 986 1683 1054 curent,
1713 989 1833 1040 suae‘
1868 981 2114 1060 quisque

277 1089 301 1128 8
326 1076 577 1135 fortunae
616 1076 776 1135 domi
814 1083 1111 1135 auctorem
1150 1082 1507 1155 exspectent,
1554 1078 1936 1155 custodesque
1973 1099 2115 1157 prse-

326 1177 486 1232 terea
537 1172 615 1232 ad
665 1179 864 1252 portas
917 1179 1160 1252 ponant,
1212 1175 1317 1252 qui
1368 1174 1720 1254 prohibeant
1765 1194 2115 1254 quemquam

328 1269 525 1348 egredi
562 1271 724 1344 urbe,
766 1277 1092 1349 cogantque
1133 1271 1402 1330 homines
1440 1270 1667 1330 nullam
1705 1272 1825 1330 nisi
1861 1272 2009 1331 urbe
2046 1292 2115 1331 ac

326 1369 617 1427 moenibus
668 1367 847 1427 salvis
900 1369 1151 1427 salutem
1214 1388 1460 1446 sperare.
1584 1368 1715 1428 Ubi
1767 1369 2116 1428 conticuerit

327 1466 638 1539 tumultus,
667 1472 798 1524 tum
833 1465 901 1523 in
937 1465 1162 1525 curiam
1197 1472 1395 1545 patres
1430 1466 1783 1524 revocandos
1819 1466 2117 1524 consulen-

36 1608 44 1619 .
138 1536 326 1647 μνγ
328 1563 584 1640 dumque
610 1561 684 1622 de
708 1563 873 1621 urbis
899 1563 1169 1622 custodia
1195 1582 1334 1624 esse.

225 1655 300 1715 56
450 1658 648 1729 Quum
690 1658 758 1717 in
803 1658 957 1717 hanc
996 1658 1352 1718 sententiam
1390 1658 1638 1736 pedibus
1675 1678 1877 1718 omnes
1914 1659 2116 1729 issent,

327 1776 412 1817 and
440 1777 616 1817 receives
648 1778 725 1817 lot·
763 1760 1169 1832 summotaque
1204 1755 1331 1813 foro
1359 1775 1471 1831 per
1507 1754 1884 1832 magistratus
1920 1758 2112 1829 turba,

325 1826 412 1909 {233
434 1824 555 1909 ιῖξῗνῗ
563 1823 724 1908 Jffi‘!
762 1857 957 1928 patres
991 1851 1213 1910 diversi
1247 1852 1322 1909 ad
1362 1852 1643 1911 sedandos
1677 1852 1970 1912 tumultus
2007 1853 2119 1911 dis-

326 1915 724 2009 33·anngan
763 1948 1086 2023 cessissent,
1128 1953 1262 2006 tum
1302 1950 1540 2007 demum
1578 1948 1792 2007 litterae
1829 1969 1869 2008 a
1909 1949 1972 2008 O.
2013 1950 2119 2008 Te·

278 2072 303 2098 2
327 2043 521 2101 rentio
549 2045 784 2103 consule
816 2045 1012 2104 allatae
1038 2053 1217 2105 sunt:
1257 2046 1325 2106 L.
1358 2045 1675 2105 AEmilium
1700 2046 1998 2105 consulem
2022 2067 2118 2105 ex-

328 2140 692 2217 ercitumque
728 2162 938 2201 caesum
956 2164 978 2219 3
1016 2161 1140 2201 sese
1173 2142 1419 2202 Canusii
1454 2162 1593 2216 esse,
1621 2141 1903 2222 reliquias
1935 2151 2118 2202 tantae

327 2235 506 2294 cladis
531 2236 697 2294 velut
724 2257 799 2296 ex
824 2238 1133 2316 naufragio
1165 2239 1536 2316 colligentem
1553 2260 1574 2315 3
1612 2237 1687 2297 ad
1708 2239 1905 2298 decem
1931 2239 2120 2298 millia

325 2330 583 2389 militum
609 2329 791 2390 ferme
818 2352 942 2391 esse
969 2332 1486 2410 incompositorum
1501 2332 2084 2411 inordinatorumque
2095 2355 2115 2410 3

194 2452 231 2508 s
278 2447 302 2483 3
326 2425 576 2483 Poenum
613 2427 812 2486 sedere
852 2428 929 2486 ad
957 2428 1208 2503 Cannas,
1236 2430 1303 2487 in
1341 2428 1708 2506 captivorum
1741 2431 1949 2509 pretiis
1973 2452 2119 2509 prae·

190 2511 191 2514 ¹
326 2520 515 2598 daque
553 2520 671 2579 alia
708 2542 817 2581 nec
849 2523 1093 2585 victoris
1131 2526 1329 2585 animo
1365 2544 1475 2584 nec
1513 2525 1714 2604 magni
1753 2528 1917 2587 ducis
1954 2548 2118 2588 more

257 2618 302 2696 j
323 2621 768 2680 nundinantem.
855 2620 1010 2680 'Dum
1034 2620 1279 2701 privatae
1304 2640 1536 2699 quoque
1561 2641 1668 2699 per
1692 2623 1892 2683 domos
1924 2625 2115 2683 clades

245 2722 259 2816 ’ὓ
322 2718 578 2794 vulgatae
603 2725 757 2791 sunt,
784 2719 1042 2797 adeoque
1068 2726 1258 2778 totam
1283 2720 1492 2779 urbem
1516 2720 1778 2797 opplevit
1805 2721 2015 2796 luctus,
2043 2729 2117 2780 ut

249 2816 1788 2988 ὃὶΐοᾚᾜζὲῗῗὲἒὲζῖᾞωῖῗοᾚῗᾚ
1828 2823 1936 2971 flii:
1969 2837 2118 2972 {¹2¹3

272 3028 296 3065 s
319 3011 546 3084 pestate
584 3012 854 3066 matrona
893 3027 1102 3086 expers
1139 3009 1339 3068 luctus
1378 3010 1584 3068 fuerat.
1671 3010 1884 3088 Itaque
1921 3030 1999 3069 ne
2037 3013 2113 3070 ob

320 3104 564 3163 eandem
601 3123 835 3163 causam
867 3105 987 3164 alia
1021 3123 1251 3183 quoque
1286 3125 1450 3165 sacra
1481 3106 1718 3183 publica
1749 3111 1855 3165 aut
1879 3106 2114 3185 privata

321 3201 741 3272 desererentur,
787 3204 1026 3258 senatus
1065 3200 1332 3262 consulto
1378 3201 1584 3259 diebus
1621 3199 1872 3279 triginta
1912 3200 2110 3261 luctus

268 3311 295 3349 ⁶
321 3302 411 3354 est
438 3296 655 3355 finitus.
743 3295 1023 3372 Ceterum
1058 3315 1257 3375 quum,
1288 3297 1487 3357 sedato
1527 3296 1692 3356 urbis
1716 3297 1997 3371 tumultu,
2024 3318 2112 3357 re-

319 3392 509 3450 vocati
550 3391 616 3448 in
651 3377 875 3451 curiam
907 3398 1103 3470 patres
1137 3398 1348 3468 essent,
1376 3392 1505 3451 aliae
1541 3393 1781 3472 insuper
1806 3412 1883 3453 ex
1908 3392 2111 3456 Sicilia
