2375 3842
367 243 482 301 108
1143 243 1241 301 LI
1244 241 1372 302 VII

289 420 341 448 ιο
363 388 441 447 ad
473 407 636 446 arma
661 394 833 448 vocat
856 394 919 447 et
941 388 1112 448 vanis
1141 389 1321 447 minis
1354 388 1616 465 increpat
1651 387 1890 447 hostem.
1975 387 2143 447 Prin·

363 485 517 561 cipio
540 485 732 544 levem
765 491 1122 545 armaturam
1164 481 1483 566 [dimittit]‚
1511 484 1721 543 deinde
1755 484 2017 543 conferto
2049 502 2144 562 ag·
2207 547 2212 551 ,

363 581 524 637 mine
549 580 741 638 mittit
764 581 1027 658 equites3
1066 587 1377 657 postremo,
1404 598 1588 656 quum
1622 579 1889 637 hostibus
1913 597 2145 655 quoque

363 677 625 736 subsidia
659 678 823 737 mitti
859 678 1106 753 videret,
1145 678 1454 736 instructis
1496 675 1825 754 legionibus
1861 677 2138 754 procedit.

292 805 337 831 ιι
365 773 789 833 EtHannibal
826 774 1228 833 laborantibus
1265 774 1389 833 suis
1425 773 1543 831 alia
1581 778 1760 850 atque
1788 772 1906 830 alia
1933 773 2145 832 incres-

363 878 532 930 cente
569 873 885 931 certamine
923 872 1165 932 mittens
1204 871 1427 930 auxilia
1460 870 1726 948 peditum
1761 868 2145 946 equitumque

362 967 482 1026 iam
506 968 727 1028 iustam
753 971 1101 1047 expleverat
1122 969 1325 1042 aciem,
1353 989 1421 1027 ac
1448 968 1590 1027 totis
1615 968 1892 1044 utrinque
1917 967 2144 1025 viribus

290 1096 338 1124 ια
362 1071 634 1125 certatur.
718 1064 923 1124 Prima
958 1066 1107 1124 levis
1144 1072 1443 1124 armatura
1480 1064 1899 1145 Romanorum,
1935 1083 2145 1141 poeeoc-

362 1168 641 1239 cupatum
682 1182 751 1221 a
791 1161 1066 1221 inferiore
1105 1162 1234 1221 loco
1272 1162 1583 1221 succedens
1619 1161 1932 1234 tumulum,
1973 1163 2144 1239 pulsa

360 1260 712 1337 detrusaque
751 1266 1034 1319 terrorem
1073 1259 1140 1318 in
1183 1260 1587 1319 succedentem
1629 1258 1839 1318 intulit
1884 1260 2144 1335 equitem

289 1390 336 1429 13
361 1362 423 1414 et
447 1357 522 1416 ad
548 1357 718 1435 signa
739 1357 1038 1435 legionum
1060 1356 1295 1435 refugit
1355 1356 1633 1415 Peditum
1657 1356 1810 1415 acies
1833 1356 1994 1415 inter
2018 1376 2143 1434 per·

360 1453 549 1512 culsos
589 1455 884 1532 impavida
923 1455 1048 1513 sola
1097 1460 1227 1516 erat
1277 1454 1716 1532 videbaturque,
1761 1453 1815 1513 si
1863 1455 2023 1514 iusta
2074 1474 2142 1513 ac

358 1550 580 1610 directa
604 1570 802 1628 pugna
835 1558 1000 1625 esset,
1029 1551 1483 1628 haudquaquam
1515 1550 1708 1628 impar
1737 1550 1975 1625 futura3
2013 1556 2143 1610 tan-

359 1652 492 1704 tum
528 1645 858 1705 animorum
897 1648 1112 1706 fecerat
1148 1666 1422 1724 prospere
1459 1653 1597 1705 ante
1634 1665 1849 1724 paucos
1887 1646 2012 1705 dies
2046 1667 2141 1706 res

287 1776 335 1812 1⁴
357 1743 560 1815 gesta3
599 1739 702 1797 sed
735 1740 929 1798 exorti
965 1747 1208 1818 repente
1245 1741 1614 1801 insidiatores
1646 1761 1782 1801 eum
1811 1742 2140 1801 tumultum

358 1840 754 1912 terroremque
780 1836 847 1894 in
871 1837 1056 1895 latera
1074 1838 1353 1915 utrinque
1379 1839 1454 1896 ab
1479 1844 1756 1915 tergoque
1773 1838 2139 1899 incursantes

357 1928 638 1998 fecerunt,
663 1935 735 1988 ut
760 1949 949 2007 neque
983 1931 1216 1991 animus
1241 1933 1315 1991 ad
1340 1952 1597 2010 pugnam
1622 1952 1813 2010 neque
1837 1933 1913 1991 ad
1939 1935 2139 2011 fugam

184 2009 331 2089 [fio
357 2043 488 2101 spes
512 2026 787 2103 cuiquam
811 2034 1150 2103 superesset.
1233 2028 1388 2087 Tum
1412 2030 1646 2102 Fabius,
1675 2031 1865 2106 primo
1890 2031 2140 2092 clamore

355 2118 700 2193 paventium
744 2120 964 2193 audito,
992 2121 1132 2179 dein
1169 2128 1475 2199 conspecta
1505 2123 1708 2202 procul
1733 2125 1970 2183 turbata
1994 2126 2136 2199 acie,

359 2218 395 2247 ‘⁶
410 2213 514 2272 Ita
540 2220 632 2273 est
648 2216 678 2243 '³
704 2215 940 2293 inquit;
985 2221 1021 2251 “
1037 2236 1158 2275 non
1183 2217 1445 2290 celerius,
1473 2237 1653 2295 quam
1676 2218 1869 2292 timui,
1899 2221 2139 2298 depren-

305 2344 329 2372 2
353 2312 444 2371 dit
469 2313 707 2373 fortuna
730 2316 1146 2374 temeritatem.
1203 2316 1387 2375 Fabio
1413 2324 1677 2393 aequatus
1702 2317 1948 2394 imperio
1966 2316 2137 2376 Han·

353 2407 610 2467 nibalem
648 2416 712 2467 et
735 2409 960 2468 virtute
995 2416 1057 2469 et
1090 2411 1330 2470 fortuna
1368 2412 1723 2488 superiorem
1756 2411 1939 2471 videt.
2021 2411 2138 2470 Sed

351 2505 515 2565 aliud
540 2506 815 2582 iurgandi
841 2508 1331 2585 succensendique
1356 2514 1589 2585 tempus
1614 2509 1728 2566 erit
1738 2528 1758 2582 ;
1785 2527 1944 2566 nunc
1970 2507 2138 2585 signa

352 2609 523 2661 extra
545 2602 773 2661 vallum
806 2604 1098 2682 profert03
1135 2604 1445 2663 victoriam
1476 2604 1635 2663 hosti
1667 2610 2134 2682 extorqueamus,

302 2723 326 2761 3
352 2698 769 2757 confessionem
806 2700 1018 2757 erroris
1057 2699 1334 2759 civibus.”
1415 2700 1549 2759 Iam
1593 2720 1806 2778 magna
1847 2721 1925 2761 ex
1970 2711 2138 2780 parte

349 2840 433 2879 and
454 2839 490 2880 ,ι
511 2840 609 2888 mh,
626 2839 752 2880 med
788 2794 949 2853 caesis
966 2794 1116 2864 aliis,
1135 2795 1268 2854 aliis
1288 2795 1900 2873 circumspectantibus
1919 2799 2136 2875 fugam,

347 2887 750 2981 {guffgf‘ffl‘ffi
788 2889 1051 2949 Fabiana
1088 2910 1152 2950 se
1191 2891 1343 2950 acies
1381 2898 1623 2969 repente
1659 2893 1827 2952 velut
1866 2893 2006 2952 coelo
2044 2893 2139 2951 de-

298 3016 322 3049 ⁴
349 2979 394 3019 ⁰¹
407 2978 577 3019 &Um-
790 2980 969 3040 missa
992 2982 1070 3041 ad
1094 2982 1386 3041 auxilium
1418 2984 1691 3044 ostendit.
1774 2984 1990 3062 Itaque
2021 2985 2140 3062 pri-

351 3097 594 3156 usquam
621 3077 699 3136 ad
724 3077 1051 3136 coniectum
1083 3077 1194 3137 teli
1220 3078 1450 3137 veniret
1474 3085 1580 3136 aut
1606 3099 1847 3137 manum
1881 3098 2139 3140 consere·

346 3181 454 3249 ret,
496 3180 560 3234 et
603 3193 741 3233 suos
781 3193 819 3233 a
862 3174 1004 3252 fuga
1049 3174 1234 3233 effusa
1277 3180 1339 3233 et
1384 3176 1459 3233 ab
1505 3175 1683 3235 nimis
1721 3174 1900 3235 feroci
1938 3195 2139 3253 pugna

299 3307 324 3345 5
348 3271 543 3331 hostes
568 3270 877 3331 continuit.
962 3270 1083 3342 Qui
1112 3271 1322 3331 solutis
1356 3271 1660 3330 ordinibus
1688 3291 1833 3347 vage
1868 3272 2139 3348 dissipati

351 3374 538 3443 erant,
574 3367 832 3445 undique
873 3368 1267 3447 confugerunt
1306 3368 1382 3427 ad
1420 3367 1709 3446 integram
1749 3366 1974 3443 aciem3
2030 3368 2136 3447 qui
