2375 3842
891 264 1155 325 LIBER
1205 263 1429 326 XXII.
1941 265 2055 326 11⁷

267 430 398 487 que,
456 430 814 488 quamquam
862 414 1045 489 probe
1102 412 1269 486 sciat,
1324 411 1787 490 magnitudinem
1854 411 2057 491 populi

220 515 224 521 '
268 507 526 566 Romani
571 508 1065 568 admirabiliorem
1110 528 1292 587 prope
1342 508 1604 566 adversis
1655 511 1828 567 rebus
1880 527 2056 586 quam

265 604 536 665 secundis
575 623 717 677 esse,
757 610 959 664 tamen
997 625 1059 664 se
1097 604 1312 676 omnia,
1341 604 1557 680 quibus
1593 624 1633 662 a
1669 604 1839 664 bonis
1877 605 2057 663 fideli·
2079 632 2104 669 ⁴

265 702 493 779 busque
539 702 709 761 sociis
756 702 909 760 bella
957 701 1152 759 iuvari
1198 700 1440 773 soleant,
1490 702 1755 775 misisse3
1807 721 1937 779 quse
1982 720 2094 761 ne·.

266 801 526 876 accipere
565 800 849 870 abnuant,
891 816 1103 874 magno
1143 817 1318 876 opere
1363 818 1426 857 se
1466 807 1664 876 patres
1706 799 2059 876 conscriptos

267 915 452 954 orare.
535 894 664 953 Iam
702 894 968 953 omnium
1006 894 1265 972 primum
1291 896 1505 954 ominis
1530 915 1705 954 causa
1727 894 2058 954 Victoriam
2082 921 2106 961 5

267 1011 505 1051 auream
530 991 724 1069 pondo
760 991 1078 1050 ducentum
1117 1011 1186 1050 ac
1225 992 1443 1070 viginti
1479 993 1687 1051 afferre
1724 1009 1861 1051 sese.
1943 992 2061 1050 Ac-

268 1090 528 1167 ciperent
579 1108 707 1147 eam
754 1093 1139 1166 tenerentque
1191 1095 1256 1147 et
1305 1089 1594 1148 haberent
1644 1090 1945 1166 propriam
1998 1095 2061 1147 et

267 1193 623 1264 perpetuam.
709 1185 1039 1244 Advexisse
1079 1185 1260 1244 etiam
1296 1191 1562 1245 trecenta
1584 1185 1774 1244 millia
1797 1184 2057 1244 modium
2083 1203 2112 1243 ⁶

268 1283 470 1355 tritici,
525 1283 779 1342 ducenta
843 1282 1064 1356 hordei,
1120 1302 1199 1341 ne
1253 1289 1612 1342 commeatus
1664 1282 1949 1355 deessent,
1999 1288 2062 1339 et

268 1385 556 1457 quantum
593 1384 875 1457 praeterea
912 1398 1059 1458 opus
1098 1384 1267 1453 esset,
1308 1398 1425 1456 quo
1464 1378 1786 1451 iussissent,
1825 1378 2062 1435 subvec-

267 1484 447 1536 turos.
533 1476 732 1535 Milite
785 1483 965 1554 atque
1017 1476 1220 1555 equite
1271 1476 1419 1536 scire
1465 1475 1583 1534 nisi
1635 1475 1905 1533 Romano
1952 1473 2061 1533 La·
2086 1506 2110 1544 7

268 1574 499 1651 tinique
522 1574 779 1632 nominis
813 1594 935 1632 non
971 1574 1068 1634 uti.
1104 1574 1389 1651 populum
1430 1572 1800 1646 Romanum3
1839 1571 2062 1630 levium

269 1689 564 1730 armorum
616 1671 843 1729 auxilia
905 1672 1085 1730 etiam
1153 1677 1404 1729 externa
1458 1669 1675 1729 vidisse
1740 1670 1807 1727 in
1858 1667 2063 1728 castris

270 1766 570 1826 Romanis.
654 1767 869 1845 Itaque
894 1767 1121 1827 misisse
1145 1768 1309 1827 mille
1348 1766 1785 1845 sagittariorum
1824 1785 1891 1825 ac
1929 1767 2061 1825 fun—
2086 1786 2110 1825 e

270 1863 545 1937 ditorum,
575 1869 774 1941 aptam
819 1883 1061 1923 manum
1100 1866 1378 1924 adversus
1415 1864 1679 1924 Baliares
1716 1883 1786 1922 ac
1817 1863 2062 1921 Mauros

270 1978 674 2037 pugnacesque
727 1959 874 2018 alias
924 1961 1135 2019 missili
1179 1962 1300 2021 telo
1345 1968 1562 2039 gentes.
1646 1961 1751 2019 Ad
1796 1979 1866 2018 ea
1909 1960 2064 2018 dona
2085 1986 2110 2024 ⁹

270 2056 578 2114 eonsilium
621 2075 852 2133 quoque
894 2057 1204 2131 addebant,
1248 2065 1320 2116 ut
1360 2064 1591 2135 praetor,
1628 2056 1726 2115 cui
1763 2054 2064 2134 provincia

275 2152 475 2212 Sicilia
514 2153 818 2226 evenisset,
862 2154 1100 2212 classem
1140 2154 1208 2212 in
1245 2155 1514 2213 Africam
1553 2152 1863 2225 traiiceret‚
1891 2158 1964 2210 ut
2002 2157 2065 2209 et

270 2250 467 2307 hostes
505 2248 572 2306 in
611 2255 772 2307 terra
804 2269 910 2308 sua
951 2250 1172 2309 bellum
1213 2251 1511 2322 haberent,
1557 2249 1867 2324 minusque
1906 2248 2066 2306 laxa·

271 2344 461 2403 menti
487 2345 726 2402 daretur
755 2346 831 2404 iis
871 2346 945 2404 ad
987 2346 1211 2405 aum‘lia
1253 2344 1585 2405 Hannibali
1627 2343 2061 2402 summittenda.

273 2442 378 2499 Ab
405 2445 611 2499 senatu
639 2440 727 2498 ita
761 2460 1104 2518 responsum
1143 2441 1271 2519 regi
1310 2447 1415 2516 est,
1446 2440 1640 2499 virum
1663 2439 1886 2498 bonum
1912 2458 2066 2516 egre-
2090 2469 2140 2496 10

270 2538 549 2615 giumque
580 2537 801 2596 socium
840 2538 1166 2596 Hieronem
1207 2556 1330 2596 esse
1368 2543 1546 2614 atque
1583 2556 1705 2594 uno
1743 2539 1962 2609 tenore,
1991 2556 2067 2594 ex

272 2655 389 2713 quo
434 2635 503 2693 in
548 2634 866 2692 amicitiam
911 2634 1115 2711 populi
1160 2633 1419 2692 Romani
1463 2633 1711 2707 venerit,
1757 2633 1933 2693 fidem
1979 2652 2066 2693 co-

271 2732 448 2791 luisse
474 2751 542 2790 ac
567 2751 694 2789 rem
721 2730 1052 2789 Romanam
1078 2731 1526 2808 omnitempore
1553 2750 1621 2789 ac
1645 2731 1773 2790 loco
1792 2731 2066 2790 munifice

273 2828 581 2887 adiuvisse.
666 2827 744 2888 Id
808 2827 1069 2904 perinde,
1123 2847 1193 2886 ac
1254 2812 1507 2902 deberet,
1563 2833 1799 2904 gratum
1850 2828 2067 2906 populo

273 2924 542 2984 Romano
609 2943 745 2983 esse.
831 2924 1071 2982 Aurum
1122 2930 1186 2982 et
1238 2944 1276 2983 a
1326 2925 1667 2983 civitatibus
1719 2924 2067 3001 quibusdam
2090 2954 2136 2982 xx

272 3022 535 3095 allatum,
591 3021 782 3098 gratia
833 3021 923 3080 rei
974 3027 1226 3100 accepta,
1276 3041 1397 3080 non
1451 3021 1735 3099 accepisse
1786 3020 2065 3099 populum

272 3117 644 3192 Romanum3
683 3117 1017 3177 Victoriam
1050 3138 1336 3196 omenque
1374 3118 1651 3195 accipere,
1678 3117 1987 3195 sedemque
2012 3118 2068 3177 ei
2091 3146 2139 3174 η

272 3232 336 3272 se
361 3212 512 3272 divae
538 3215 676 3273 dare
703 3215 897 3275 dicare
925 3214 1302 3293 Capitolium,
1329 3215 1618 3292 templum
1657 3213 1822 3272 Iovis
1859 3214 2067 3293 optimi

273 3310 534 3370 maximi.
598 3312 680 3371 In
706 3332 777 3371 ea
801 3333 933 3373 arce
957 3313 1122 3372 urbis
1149 3313 1433 3371 Romanae
1459 3316 1745 3370 sacratam
1771 3311 2062 3370 volentem

272 3407 717 3487 propitiamque,
738 3410 969 3468 firmam
993 3429 1062 3470 ac
1087 3410 1358 3470 stabilem
1384 3408 1510 3467 fore
1534 3408 1751 3487 populo
1778 3408 2061 3467 Romano.
