2375 3842
354 239 469 299 144
1130 211 1363 296 ΜΠ]

299 420 324 457 5
350 385 583 464 praediis
623 384 947 443 cavendum
990 382 1205 461 populo
1246 389 1565 456 censerent,
1603 390 1736 442 tum
1773 383 1836 443 Τ.
1875 384 2142 445 Manlius

350 514 439 552 But
471 512 518 552 Τ,
564 509 748 549 numu.
787 481 1131 557 Torquatus,
1152 480 1354 558 priscae
1373 499 1441 537 ac
1454 479 1632 540 nimis
1648 480 1827 553 durae,
1849 485 1921 539 ut
1939 480 2141 558 pleris-

348 559 631 651 &fflmmffi'm
652 564 747 640 1¹33}ss
788 597 900 654 que
952 577 1278 651 videbatur,
1343 576 1691 651 severitatis,
1744 577 2141 655 interrogatus

537 659 631 687 men
654 646 745 686 who

300 702 324 740 ⁶
350 650 539 734 ita-¹³⁸0.»
591 694 746 740 tame„
786 674 1139 733 sententiam
1164 673 1254 732 ita
1277 673 1508 732 loeutus
1533 674 1751 734 fertur:
1789 674 1856 732 si
1880 680 2141 733 tantum-

350 739 620 826 ffldssff?
629 740 747 823 '31¹2'ssss
785 772 958 830 modo
996 770 1389 848 postulassent
1430 769 1613 847 legati
1649 790 1757 848 pro
1794 771 1888 844 iis,
1931 772 2034 849 qui
2073 772 2142 830 in

350 834 555 926 fflpfm‘
592 830 640 870 ⁰¹
675 830 747 870 ω’
787 864 1049 924 hostium
1084 872 1378 943 potestate
1409 872 1567 941 sunt,
1594 873 1669 926 ut
1691 868 2134 943 redimeremur,

350 965 477 1024 sine
512 964 692 1026 ullius
727 962 1110 1020 insectatione
1149 982 1352 1021 eorum
1389 963 1556 1022 brevi
1591 965 1945 1023 sententiam
1982 985 2142 1042 pere-

301 1084 324 1121 7
348 1062 595 1140 gissem3
635 1060 780 1138 quid
818 1059 978 1116 enim
1014 1058 1177 1117 aliud
1217 1079 1395 1136 quam
1432 1060 1787 1119 admonendi
1820 1061 2038 1135 essetiS,
2068 1068 2142 1120 ut

348 1177 571 1216 morem
616 1155 903 1214 traditum
949 1174 986 1212 a
1031 1155 1300 1230 patribus
1342 1155 1664 1213 necessario
1699 1155 1775 1213 ad
1818 1175 1941 1214 rem
1988 1156 2141 1214 mili-

348 1259 537 1316 tarEm
563 1254 832 1331 exemplo
866 1251 1214 1311 servaretis?
1292 1252 1471 1310 Nunc
1498 1258 1711 1326 autem,
1742 1273 1923 1331 quum
1959 1273 2141 1331 prope

347 1351 585 1430 gloriati
619 1350 756 1422 sint,
787 1348 944 1426 quod
980 1367 1043 1407 se
1076 1347 1235 1406 hosti
1274 1368 1346 1406 us
1383 1348 1728 1424 dediderint,
1763 1350 2140 1428 praeferrique

346 1470 403 1508 se
430 1467 549 1506 non
581 1445 768 1523 captis
803 1445 975 1503 modo
1011 1445 1079 1502 in
1110 1444 1235 1502 acie
1268 1445 1343 1502 ab
1377 1443 1661 1518 hostibus,
1690 1446 1792 1504 sed
1826 1445 2008 1504 etiam
2042 1446 2137 1520 iis,

347 1545 451 1622 qui
489 1543 821 1602 Venusiam
868 1540 1304 1617 Canusiumque
1349 1548 1764 1619 pervenerunt,
1805 1549 1982 1621 atque
2022 1544 2140 1621 ipsi

348 1642 410 1699 O.
434 1640 709 1699 Terentio
734 1639 959 1698 consuli
978 1658 1212 1715 aequum
1239 1640 1587 1713 censuerint,
1604 1639 1756 1697 nihil
1783 1659 1887 1698 vos
1913 1659 2135 1713 eorum,

243 1740 253 1751 '
345 1745 542 1814 patres
578 1736 906 1812 conscripti,
935 1755 1066 1813 quae
1102 1734 1225 1793 illic
1255 1741 1388 1794 acta
1425 1742 1581 1810 sunt,
1615 1736 1885 1815 ignorare
1922 1736 2134 1815 patiar.

112 1857 119 1864 ι
297 1843 320 1882 8
346 1833 549 1908 Atque
576 1831 809 1888 utinam
834 1829 971 1903 haec,
994 1849 1124 1908 quse
1150 1830 1304 1907 apud
1332 1850 1439 1890 vos
1465 1837 1699 1916 acturus
1719 1852 1867 1907 sum,
1891 1833 2139 1893 Canusii

343 1929 502 2006 apud
532 1928 729 2005 ipsum
764 1927 1088 1985 exercitum
1123 1946 1371 2005 agerem,
1401 1929 1691 2007 optimum
1724 1936 1935 1989 testem
1974 1931 2138 2008 igna-

96 2052 105 2060 ·
343 2024 455 2082 viae
494 2024 774 2101 cuiusque
815 2030 875 2081 et
901 2023 1159 2098 virtutis,
1190 2031 1297 2083 aut
1334 2046 1488 2085 unus
1525 2027 1622 2086 hic
1662 2028 1870 2087 saltem
1907 2027 2138 2087 adesset

78 2035 215 2318 ’κέ
288 2131 292 2136 ’
342 2120 409 2179 Ρ.
433 2118 827 2197 Sempronius,
846 2138 1022 2195 quem
1048 2119 1099 2177 si
1123 2120 1228 2178 isti
1255 2121 1461 2179 ducem
1486 2123 1671 2181 secuti
1689 2128 1897 2197 essent,
1913 2122 2137 2182 milites

130 2221 136 2228 '
340 2215 514 2273 hodie
541 2216 608 2274 in
634 2216 840 2275 castris
868 2215 1165 2289 Romanis,
1185 2235 1306 2274 non
1333 2217 1553 2294 captivi
1577 2219 1645 2276 in
1667 2217 1927 2277 hostium
1945 2225 2135 2296 potes-

113 2254 205 2408 ἧχ’
288 2335 316 2374 9
339 2317 464 2369 tate
494 2318 702 2370 essent.
789 2310 904 2369 Sed
931 2329 1132 2389 quum,
1162 2301 1331 2369 sessis
1355 2311 1670 2387 pugnando
1694 2311 1975 2383 hostibus,
1997 2317 2132 2369 tum

341 2407 587 2465 victoria
622 2407 777 2465 laetis
803 2411 866 2463 et
890 2406 1032 2482 ipsis
1064 2405 1361 2483 plerisque
1390 2406 1664 2482 regressis
1696 2407 1763 2465 in
1787 2413 1977 2466 castra
2003 2427 2129 2480 sua,

339 2510 571 2562 noctem
597 2503 674 2561 ad
700 2503 1122 2579 erumpendum
1154 2502 1401 2560 liberam
1432 2501 1787 2577 habuissent,
1816 2509 1879 2562 et
1903 2511 2132 2581 septem

335 2600 526 2658 millia
560 2605 920 2657 armatorum
958 2598 1267 2656 hominum
1303 2617 1603 2676 erumpere
1642 2599 1822 2657 etiam
1857 2618 1963 2675 per
1996 2619 2134 2658 con-

334 2697 516 2755 fertos
541 2696 738 2754 hostes
762 2701 1016 2772 possent,
1044 2714 1235 2772 neque
1269 2713 1375 2771 per
1399 2713 1461 2752 se
1485 2694 1599 2772 ipsi
1622 2695 1686 2753 id
1712 2695 1898 2753 facere
1930 2696 2133 2756 conati

262 2813 311 2840 ιο
333 2796 474 2850 sunt
504 2811 694 2869 neque
730 2791 913 2849 alium
949 2791 1115 2866 sequi
1140 2790 1473 2849 voluerunt.
1555 2791 1747 2849 Nocte
1781 2811 1959 2869 prope
1996 2797 2133 2852 tota

333 2891 402 2952 P.
435 2889 814 2967 Sempronius
850 2887 1180 2945 Tuditanus
1214 2906 1337 2945 non
1371 2888 1603 2946 destitit
1637 2907 1890 2962 monere,
1917 2888 2132 2948 adhor-

329 2989 445 3046 tari
473 3006 585 3060 eos,
616 2987 760 3044 dum
793 2984 1058 3060 paucitas
1087 2983 1346 3042 hostium
1372 2983 1524 3042 circa
1548 2990 1752 3058 castra,
1782 2986 1924 3043 dum
1956 2987 2130 3062 quies

327 3103 396 3141 ac
420 3081 722 3142 silentium
750 3086 918 3154 esset,
948 3080 1089 3137 dum
1115 3098 1239 3137 nox
1266 3081 1563 3155 inceptum
1597 3084 1791 3156 tegere
1815 3085 2030 3157 posset,
2061 3101 2128 3141 se

328 3179 535 3237 ducem
561 3181 972 3254 sequerentur:
1005 3181 1145 3234 ante
1169 3176 1363 3234 lucem
1388 3174 1693 3251 pervenire
1717 3175 1784 3232 in
1809 3182 1947 3234 tuta
1971 3177 2121 3249 loca,

254 3298 298 3325 n
324 3273 391 3331 in
429 3273 717 3332 sociorum
756 3273 932 3330 urbes
966 3289 1146 3348 posse.
1235 3270 1317 3343 Si,
1343 3275 1414 3327 ut
1447 3288 1689 3328 avorum
1727 3272 2010 3331 memoria
2047 3274 2119 3333 P.

326 3364 543 3424 Decius
569 3364 846 3425 tribunus
872 3363 1131 3421 militum
1157 3362 1222 3420 in
1252 3361 1506 3435 Samnio,
1534 3362 1600 3436 si,
1624 3368 1700 3426 ut.
1712 3363 1882 3423 nobis
1896 3365 2125 3428 adoles-
