2375 3842
335 234 409 299 62
968 232 1343 295 ..“LIVIJ

329 378 510 439 imbri
548 379 695 438 satis
734 379 1041 439 decernere
1078 390 1332 463 possent,
1364 399 1483 457 qua
1521 379 1644 439 suis
1680 400 1849 457 opem
1874 382 2114 456 ferrent,

280 505 306 543 4
331 477 696 538 Placentiam
731 483 890 535 recto
925 477 1136 535 itinere
1170 496 1494 554 perrexere.
1579 477 1789 538 Plures
1811 478 2025 539 deinde
2049 480 2116 543 in

329 592 533 633 omnes
567 579 765 649 partes
802 572 1137 649 eruptiones
1171 575 1375 648 factae,
1361 595 1374 608 ·
1415 579 1478 632 et
1502 573 1609 650 qui
1632 574 1852 633 flumen
1878 576 2115 652 petiere,

276 692 296 709 ··
286 676 440 733 aut
476 669 810 746 gurgitibus
848 669 1148 745 absumpti
1182 675 1326 728 sunt
1365 675 1474 728 aut
1501 670 1661 728 inter
1685 671 2121 730 cunctationem

281 794 306 833 5
328 763 693 841 ingrediendi
718 764 793 821 ab
818 762 1085 822 hostibus
1111 763 1409 840 oppressi·
1388 806 1408 837 ,
1444 763 1548 839 qui
1576 764 1792 840 passim
1818 784 1924 841 per
1949 785 2121 875 agros

329 862 470 936 fuga
505 859 692 937 sparsi
726 866 912 933 erant,
950 860 1202 936 vestigia
1238 860 1497 918 cedentis
1531 867 1837 937 sequentes
1863 862 2119 936 agminis

334 956 700 1016 Placentiam
735 957 1119 1030 contendere,
1159 956 1292 1015 aliis
1322 958 1504 1016 timor
1526 957 1788 1017 hostium
1812 959 2120 1019 audaciam

332 1054 698 1130 ingrediendi
735 1054 959 1113 flumen
996 1053 1153 1127 fecit,
1191 1055 1656 1132 transgressique
1684 1055 1753 1113 in
1776 1061 1968 1114 castra
1991 1060 2121 1136 per-

282 1169 309 1209 6
329 1156 635 1209 venerunt.
746 1149 950 1209 Imber
1016 1149 1156 1210 nive
1208 1150 1435 1209 mixtus
1487 1157 1549 1209 et
1601 1151 1974 1213 intoleranda
2027 1154 2122 1211 vis

325 1247 561 1324 frigoris
609 1252 670 1306 et
708 1246 974 1305 homines
1012 1247 1233 1307 multos
1272 1252 1335 1306 et
1371 1248 1640 1306 iumenta
1677 1254 1740 1307 et
1777 1248 2122 1324 elephantos

282 1364 306 1403 7
332 1364 513 1422 prope
582 1363 784 1403 omnes
847 1345 1193 1421 absumpsit.
1302 1343 1473 1403 Finis
1537 1344 1882 1422 insequendi
1932 1344 2123 1404 hostis

292 1485 299 1491 .
331 1441 548 1500 1381818
582 1441 806 1499 flumen
856 1440 1069 1500 Trebia
1113 1441 1248 1513 fuit,
1297 1447 1360 1500 et
1399 1441 1489 1504 ita
1528 1446 1829 1518 torpentes
1874 1442 2013 1519 gelu
2055 1443 2124 1501 in

330 1544 522 1597 castra
572 1537 814 1611 rediere,
870 1542 943 1597 ut
992 1538 1103 1595 vix
1166 1538 1441 1599 laetitiam
1492 1537 1753 1596 victorine
1811 1539 2121 1599 sentirent.

280 1637 305 1686 8
331 1634 545 1711 Itaque
587 1640 766 1691 nocte.
799 1634 1150 1710 insequenti,
1196 1652 1380 1710 quum
1416 1633 1755 1712 praesidium
1796 1640 2125 1694 castrorum

292 1751 297 1755 ·
331 1737 394 1788 et
429 1732 586 1807 quod
619 1730 922 1806 reliquum
955 1729 1293 1788 sauciorum
1327 1750 1404 1788 ex
1428 1749 1643 1806 magna
1666 1736 1834 1807 parte
1860 1731 2124 1790 militum

329 1834 477 1900 erat,
526 1827 754 1886 ratibus
810 1826 1084 1884 Trebiam
1127 1827 1487 1900 traiicerent‚
1533 1833 1641 1886 aut
1684 1827 1836 1885 nihil
1888 1847 2122 1888 sensere

280 1951 309 1991 9
333 1925 705 2001 obstrepente
751 1922 960 1999 pluvia
1004 1927 1125 1997 aut,
1183 1923 1325 2000 quia
1364 1924 1486 1981 iam
1528 1925 1751 1983 moveri
1793 1926 2125 2000 nequibant

332 2039 452 2097 prae
504 2019 851 2078 lassitudine
895 2039 964 2079 ac
1010 2019 1373 2094 vulneribus,
1419 2019 1640 2078 sentire
1678 2039 1801 2077 8888
1856 2020 2127 2080 (118811811-

333 2130 422 2168 Τιιο
525 2129 690 2168 survive
638 2139 734 2168 vora
773 2116 990 2189 larunt,
1035 2115 1366 2192 quietisque
1412 2114 1612 2173 Poenis
1657 2114 1842 2172 tacito
1890 2115 2128 2190 agmine

333 2175 455 2215 made
502 2175 609 2214 their
645 2185 735 2223 way

334 2224 381 2261 to
411 2221 634 2270 Placentia.
775 2214 851 2271 ab
913 2213 1184 2290 Scipione
1242 2211 1480 2270 consule
1540 2211 1830 2269 exercitus
1885 2211 2129 2270 Placen-

333 2307 484 2369 tiam
558 2315 648 2368 est
714 2309 1046 2386 perductus,
1110 2309 1252 2369 inde
1321 2307 1485 2366 Pado
1544 2306 1854 2364 traiectus·
1886 2306 2125 2366 Cremo—

231 2406 237 2417 ‘
332 2424 490 2479 nam,
544 2426 621 2467 ne
675 2406 925 2465 duorum
978 2405 1346 2467 exercituum
1403 2403 1667 2461 hibernis
1718 2421 1840 2459 una
1898 2402 2128 2461 colonia

334 2507 714 2580 premeretur.
1281 2536 1286 2541 ·
1995 2502 2000 2506 ’

234 2612 308 2671 57
458 2599 711 2656 Romam
749 2604 955 2656 tantus
1000 2604 1193 2656 terror
1232 2616 1308 2655 ex
1355 2595 1466 2653 hac
1507 2594 1669 2652 clade
1715 2594 1973 2672 perlatus
2016 2602 2125 2668 est,

335 2700 410 2752 ut
448 2693 572 2752 iam
616 2695 694 2751 ad
734 2695 943 2753 urbem
995 2694 1330 2752 Romanam
1383 2691 1686 2750 crederent
1731 2690 1962 2749 infestis
2014 2693 2131 2769 sig-

334 2792 431 2856 nis
469 2791 698 2849 hostem
731 2796 1069 2863 venturum,
1103 2809 1213 2848 nec
1249 2788 1565 2866 quicquam
1599 2786 1723 2864 spei
1761 2793 1867 2844 aut
1907 2787 2130 2846 auxilii

308 2912 602 2998 signpmmm
690 2914 739 2951 to
779 2907 917 2961 esse,
958 2905 1078 2965 quo
1114 2906 1156 2944 8
1198 2886 1386 2964 portis
1427 2884 1831 2959 moenibusque
1872 2883 1997 2941 vim
2037 2903 2130 2942 ar-

288 3038 314 3067 ,
335 2969 480 3045 οἷιοὲῗι
480 2960 602 3044 13.ὴο
603 2957 647 2998 ¹⁶
666 2959 739 2998 ‘¹²⁰
779 2990 1015 3044 8888815.
1065 3003 1188 3043 uno
1228 2983 1465 3043 consule
1503 2980 1581 3037 ad
1635 2979 1902 3037 Ticinum
1944 2981 2126 3055 victo,

336 3086 588 3144 alterum
614 3104 693 3144 ex
719 3084 920 3144 Sicilia
945 3087 1284 3141 revocatum
1295 3101 1315 3155 3
1354 3077 1582 3137 duobus
1602 3075 1953 3148 oonsulibus,
1990 3077 2132 3136 duo-

336 3181 450 3245 hus
488 3181 890 3240 consularibus
927 3178 1285 3238 exercitibus
1320 3175 1511 3245 victis,
1548 3189 1696 3248 quos
1730 3172 1874 3229 alios
1927 3171 2126 3249 duces,

290 3303 318 3344 3
339 3297 485 3355 quas
511 3278 655 3336 alias
681 3278 937 3355 legiones
963 3295 1107 3350 esse,
1120 3292 1268 3351 -quoe
1294 3268 1704 3330 arcessantur‘e
1781 3266 1883 3323 Ita
1903 3268 2133 3328 territis

341 3375 716 3451 Sempronius
758 3373 966 3434 consul
1010 3371 1270 3455 advenit,
1321 3364 1553 3444 ingenti
1593 3362 1853 3441 periculo
1897 3382 2006 3440 per
2050 3366 2133 3424 ef.
