2375 3842
885 260 1150 320 LIBER
1200 257 1424 319 XXII.
1925 255 2037 315 139

254 394 469 470 litterae
504 409 697 469 allatae
733 413 874 467 sunt
904 408 980 466 ab
1019 406 1085 466 Τ.
1119 405 1373 466 Otacilio
1397 407 1771 485 propi-more,
1795 422 2041 481 regnum

253 507 538 567 Hieronis
578 506 755 566 classe
803 503 1031 563 Punica
1068 503 1325 578 vastari3
1372 501 1469 561 cui
1507 521 1691 581 quum
1728 518 1898 579 opem
1936 500 2041 557 im·
2063 522 2088 559 ⁷

252 603 512 682 ploranti
535 604 688 662 ferre
711 601 911 671 vellet,
927 600 1271 659 nuntiatum
1298 599 1411 658 sibi
1436 617 1578 674 esse,
1598 596 1775 657 aliam
1800 596 2039 656 classem

252 703 333 760 ad
370 700 622 779 AEgates
659 698 884 757 insulas
925 704 1081 757 stare
1120 702 1386 775 paratam
1430 696 1907 772 instructamque,
1949 698 2036 765 ut,

251 798 356 856 ubi
394 817 458 856 se
486 816 722 856 versum
767 795 844 853 ad
882 795 1162 852 tuendam
1203 793 1628 870 Syracusanam
1667 810 1831 849 oram
1870 790 2040 850 Poeni
2062 804 2087 844 8

252 895 591 966 sensissent,
640 891 970 968 Lilyboeum
1008 889 1306 967 extemplo
1344 888 1819 968 provinciamque
1863 886 2038 946 aliam

251 992 582 1050 Romanam
629 989 1118 1067 aggrederentur,
1156 988 1358 1064 itaque
1396 986 1575 1045 classe
1616 1004 1763 1064 opus
1804 1004 1943 1058 esse,
1986 984 2040 1043 si

250 1108 444 1167 regem
472 1087 694 1146 socium
720 1085 1094 1163 Siciliamque
1118 1085 1276 1143 tueri
1301 1083 1537 1142 vellent.

366 1185 613 1244 Litteris
638 1182 893 1242 consulis
917 1180 1296 1264 praetorisque
1322 1180 1494 1254 lectis,
1522 1184 1865 1238 censuerunt
1885 1196 2036 1254 proe-
2027 1125 2198 1239 57

204 1291 427 1341 &orem
453 1280 539 1339 M.
572 1279 901 1351 Claudium,
930 1278 1036 1356 qui
1070 1277 1242 1337 classi
1267 1277 1343 1335 ad
1370 1276 1598 1335 Ostiam
1637 1296 1706 1335 nn
1706 1296 1781 1336 σοι
1817 1297 1890 1337 ιιιο
1925 1306 2036 1345 pres-

1638 1342 2036 1390 mmmtmngtus

146 1429 153 1436 .
251 1378 435 1436 stanti
472 1381 758 1454 praeesset,
801 1375 1122 1434 Canusium
1160 1373 1237 1431 ad
1277 1372 1600 1431 exercitum
1641 1389 1729 1428 tear
1766 1389 1865 1437 they
1903 1394 2036 1428 reson

246 1473 620 1546 mittendum,
676 1472 1158 1549 scribendumque
1212 1470 1451 1544 consuli,
1506 1475 1591 1544 ut,
1634 1434 1875 1520 Rham
1911 1435 2035 1475 ⁸⁸⁰⁸

247 1590 431 1647 quum
476 1568 713 1647 praetori
770 1569 1094 1627 exercitum
1145 1567 1499 1642 tradidisset,
1554 1568 1745 1646 primo
1803 1589 2034 1648 quoque
2110 1575 2118 1585 “

247 1679 526 1744 tempore,
571 1672 862 1743 quantum
907 1685 1013 1743 per
1058 1664 1425 1723 commodum
1470 1666 1560 1724 rei
1604 1666 1851 1745 publicae
1903 1667 2032 1726 fieri

242 1770 451 1841 posset,
500 1764 748 1821 Romam
791 1762 1036 1823 veniret.
1127 1761 1346 1820 Territi
1393 1762 1570 1821 etiam
1612 1747 1790 1842 super
1834 1770 2031 1823 tantas
2058 1796 2082 1823 ο

240 1860 430 1919 clades
456 1879 639 1938 quum
674 1861 879 1919 ceteris
915 1858 1213 1936 prodigiis,
1242 1864 1376 1917 tum
1409 1861 1567 1937 quod
1602 1862 1733 1920 duae
1758 1860 2031 1921 Vestales

240 1976 308 2015 eo
353 1977 525 2030 ann0‚
569 1957 805 2035 Opimia
846 1963 1024 2033 atque
1059 1955 1353 2031 Floronia,
1390 1958 1584 2035 stupri
1621 1966 1929 2037 compertae
1969 1967 2032 2019 et

238 2054 423 2113 altera
448 2055 556 2113 sub
582 2060 757 2128 terra,
780 2055 873 2111 uti
891 2073 1020 2112 mos
1040 2060 1146 2127 est,
1172 2055 1251 2112 ad
1265 2060 1495 2131 portam
1516 2055 1807 2115 Collinam
1825 2062 2031 2116 necata
2069 2041 2076 2058 ¹

236 2151 447 2223 fuerat,
495 2150 683 2208 altera
736 2149 974 2208 sibimet
1025 2150 1154 2227 ipsa
1205 2157 1456 2209 mortem
1507 2154 1899 2228 consciverat3
1955 2155 2021 2214 L.
2053 2184 2078 2221 3

238 2244 531 2304 Cantilius
557 2245 748 2303 scriba
766 2245 1077 2321 pontificis,
1102 2265 1250 2323 quos
1273 2266 1434 2305 nunc
1453 2246 1707 2306 minores
1724 2250 2029 2325 pontifices

235 2340 548 2417 appellant,
572 2340 677 2418 qui
702 2360 836 2399 cum
856 2340 1133 2399 Floronia
1158 2348 1431 2418 stuprum
1445 2343 1678 2417 fecerat,
1703 2363 1741 2401 a
1753 2346 2027 2421 pontifice

235 2437 492 2495 maximo
519 2456 585 2495 eo
611 2455 797 2514 usque
821 2437 1006 2517 virgis
1030 2437 1097 2496 in
1122 2437 1362 2497 comitio
1394 2458 1575 2498 caesus
1601 2447 1745 2515 erat,
1774 2446 1846 2499 ut
1868 2441 2027 2502 inter

233 2533 477 2592 verbera
515 2532 852 2609 exspiraret.
938 2533 1075 2593 Hoc
1110 2536 1274 2593 nefas
1301 2554 1483 2613 quum
1509 2535 1667 2595 inter
1698 2543 1810 2612 tot,
1836 2544 1910 2597 ut
1934 2541 2019 2614 fit,
2050 2567 2075 2602 4

234 2629 423 2688 clades
468 2628 536 2688 in
575 2628 906 2707 prodigium
948 2650 1183 2689 versum
1239 2638 1409 2707 esset,
1464 2632 1781 2694 decemviri
1845 2637 2025 2697 libros

2081 2607 2097 2646 o

232 2726 392 2784 adire
418 2725 563 2784 iussi
588 2732 747 2799 sunt,
775 2731 839 2785 et
864 2726 934 2798 Q.
963 2727 1184 2786 Fabius
1211 2728 1415 2788 Pictor
1431 2729 1696 2809 Delphos
1721 2733 1797 2791 ad
1827 2753 2023 2795 oracu-
2046 2723 2087 2798 ε’

230 2822 356 2880 lum
392 2823 606 2881 missus
633 2827 724 2881 est
748 2822 1125 2897 sciscitatum,
1155 2825 1370 2903 quibus
1404 2829 1672 2906 precibus
1701 2831 2023 2908 suppliciis-

230 2937 343 2995 que
369 2921 505 2978 deos
529 2926 765 2997 possent
790 2920 1035 2997 placare,
1066 2928 1128 2979 et
1153 2942 1420 2999 quaenam
1446 2926 1648 2984 futura
1672 2926 1809 2985 finis
1836 2928 2021 2986 tantis

228 3015 490 3075 cladibus
528 3016 696 3076 foret.
781 3017 1037 3076 Interim
1082 3038 1157 3076 ex
1205 3020 1483 3079 fatalibus
1530 3020 1699 3081 libris
1737 3023 2020 3081 sacrificia
2045 3043 2071 3081 6

228 3111 452 3189 aliquot
478 3113 941 3173 extraordinaria
964 3114 1136 3189 facta,
1166 3116 1327 3175 inter
1352 3136 1482 3194 quae
1504 3117 1714 3177 Gallus
1738 3123 1800 3177 et
1828 3119 2016 3196 Galla,

230 3207 466 3267 Graecus
507 3216 568 3269 et
605 3211 812 3270 Graeca
847 3213 915 3270 in
953 3211 1080 3270 foro
1119 3212 1323 3272 boario
1363 3214 1470 3271 sub
1511 3208 1731 3273 terram
1755 3214 1883 3274 vivi
1921 3218 2017 3276 de·

229 3305 392 3366 missi
417 3311 556 3365 sunt
580 3307 866 3367 inlocum
901 3328 1042 3367 saxo
1079 3315 1454 3387 consaeptum,
1482 3308 1602 3368 iam
1644 3317 1784 3371 ante
1807 3312 2016 3375 hostiis

226 3402 514 3478 humanis,
544 3403 787 3464 minime
814 3406 1085 3467 Romano
1112 3427 1291 3481 sacr-0,
1321 3409 1630 3471 imbutum.
