2375 3842
885 213 1146 307 JLJBER
1195 246 1420 310 XXII.
1971 248 2050 308 93

384 396 659 456 Inclusus
703 395 842 454 inde
887 396 1075 455 videri
1115 395 1442 470 Hannibal,
1479 395 1580 455 via
1611 397 1691 455 ad
1728 396 2049 456 Casilinum
2076 427 2101 463 ⁴

258 496 507 568 obseoea,
537 512 723 571 quum
757 494 960 570 Capua
994 499 1057 552 et
1082 494 1390 553 Smnium
1418 499 1480 552 et
1513 499 1752 552 tantum
1787 494 1863 553 ab
1887 499 2053 572 tergo

262 593 516 651 divitum
574 590 865 649 sociorum
932 589 1217 650 Romanis
1277 598 1633 650 commeatus
1683 591 2050 664 subveheret,

262 689 485 748 Poenus
527 687 688 746 inter
727 685 1044 746 Formiana
1088 707 1234 747 saxa
1278 707 1348 748 ac
1386 688 1618 748 Literni
1662 707 1868 748 arenas
1905 694 2056 766 stag-

192 811 199 822 ·
263 804 456 863 neque
494 791 557 843 et
589 803 697 861 per
728 783 995 843 horridas
1033 784 1213 844 silvas
1251 784 1668 844 hibernaturus
1706 790 1896 860 esset3
1946 803 2055 844 nec
2082 809 2106 850 s

267 880 670 939 Hannibalem
693 880 922 954 fefellit,
950 881 1073 940 suis
1097 900 1162 940 se
1187 882 1416 940 artibus
1442 882 1581 959 peti.
1630 882 1844 959 Itaque
1869 901 2054 961 quum

266 997 370 1055 per
402 976 726 1036 Casilinum
752 977 998 1036 evadere
1030 997 1152 1037 non
1187 986 1384 1056 posset
1417 987 1616 1057 peten-
1654 1025 1699 1065 Η
1783 1025 1809 1064 n
1849 1026 1866 1065 1
1893 1026 2057 1066 m„

267 1073 442 1152 dique
476 1080 704 1133 montes
739 1080 801 1133 et
838 1074 1043 1151 iugum
1084 1073 1381 1135 Calliculae
1422 1095 1617 1154 super-
1654 1072 1933 1165 m?
1954 1073 2058 1158 bin}

265 1172 486 1229 andum
526 1177 692 1245 esset,
728 1172 942 1230 necubi
979 1172 1286 1232 Romanus
1325 1173 1619 1231 inclusum
1658 1174 1800 1214 μ’*
1816 1165 1887 1205 ‘¹²'
1904 1162 2055 1211 Μ*

266 1269 519 1328 vallibus
543 1288 753 1346 agmen
786 1269 1214 1346 aggrederetur,
1245 1270 1569 1329 ludibrium
1606 1269 1905 1328 oculorum
1937 1287 2057 1346 spe-
2084 1287 2110 1327 ⁶

267 1365 354 1423 cie
378 1363 643 1424 terribile
678 1366 754 1423 ad
792 1365 1197 1424 flustrandum
1230 1366 1460 1425 hostem
1496 1371 1874 1438 commentus,
1903 1363 2060 1443 priu-

270 1461 420 1539 cipio
434 1463 624 1522 noctis
644 1462 851 1521 furtim
871 1463 1176 1522 succedere
1195 1464 1271 1521 ad
1289 1469 1519 1522 montes
1538 1462 1765 1523 statuit.
1810 1460 2061 1520 Fallacis

267 1559 494 1618 consilii
529 1558 668 1618 talis
707 1566 1025 1638 apparatus
1063 1559 1197 1619 fuit.
1284 1559 1466 1618 Faces
1500 1559 1762 1637 undique
1795 1578 1873 1617 ex
1907 1558 2061 1637 agris
2087 1593 2110 1626 ⁷

269 1655 521 1715 collectae
547 1656 844 1733 fascesque
869 1655 1170 1732 virgarum
1196 1662 1374 1734 atque
1393 1657 1545 1716 aridi
1570 1656 1850 1716 sarmenti
1876 1656 2062 1734 praeli·

267 1758 485 1828 gantur
531 1755 803 1812 cornibus
869 1754 1065 1826 boum,
1120 1773 1268 1832 quos
1327 1754 1578 1813 domitos
1629 1753 2061 1831 indomitosque

269 1850 485 1909 multos
527 1849 685 1909 inter
722 1856 975 1908 ceteram
1015 1858 1303 1928 agrestem
1351 1852 1608 1930 praedam
1650 1852 1874 1929 agebat.
1957 1851 2062 1909 Ad
2087 1874 2111 1913 s

270 1946 386 2005 duo
409 1946 600 2005 millia
613 1948 796 2006 ferme
815 1948 992 2006 boum
1018 1949 1240 2023 effecta,
1264 1949 1741 2027 Hasdrubalique
1760 1948 2063 2027 negotium

269 2043 490 2117 datum,
540 2050 611 2102 ut
652 2051 825 2104 nocte
869 2045 933 2104 id
982 2054 1318 2106 armentum
1361 2047 1617 2106 accensis
1662 2047 1936 2105 cornibus
1987 2046 2063 2103 ad

235 2146 497 2199 -montes
556 2149 777 2223 agereta
817 2146 1088 2218 maxime,
1141 2145 1194 2202 si
1259 2151 1471 2220 posset,
1526 2161 1704 2220 super
1752 2143 1937 2201 saltus
1986 2144 2062 2201 ab

269 2237 438 2296 hoste
475 2236 738 2297 insessos,
773 2215 798 2339 ι
823 2239 1043 2300 Primis
1086 2223 1360 2302 tenebris
1384 2239 1619 2298 silentio
1644 2245 1806 2296 mota
1831 2244 2022 2296 castra
2041 2258 2060 2312 3
2087 2239 2163 2299 1¹7

271 2333 449 2391 boves
474 2333 778 2412 aliquanto
806 2342 945 2395 ante
981 2336 1148 2412 signa
1179 2334 1314 2394 acti.
1398 2334 1530 2394 Ubi
1555 2334 1630 2392 ad
1655 2333 1879 2391 radices
1904 2351 2064 2390 mou·
2089 2367 2111 2393 ε

269 2429 423 2488 tium
461 2430 703 2506 viasque
741 2440 1019 2510 angustas
1059 2439 1307 2491 ventum
1345 2438 1450 2505 est,
1498 2431 1731 2509 signum
1770 2430 2064 2507 extemplo

270 2528 461 2600 datur,
496 2534 568 2586 ut
605 2531 858 2588 accensis
899 2532 1171 2590 cornibus
1210 2536 1478 2589 armenta
1515 2529 1581 2588 in
1620 2529 1895 2588 adversos
1933 2547 2064 2585 con-

270 2623 529 2682 citentur
563 2632 790 2700 montes
809 2647 829 2700 3
870 2634 932 2687 et
964 2635 1158 2687 metus
1196 2627 1323 2704 ipse
1355 2627 1671 2687 relucentis
1705 2628 1952 2686 flammae
1988 2644 2064 2684 ex

270 2721 460 2798 capite
494 2722 764 2799 calorque
797 2723 916 2782 iam
942 2725 1020 2783 ad
1043 2725 1251 2783 vivum
1278 2724 1353 2782 ad
1379 2723 1613 2801 imaque
1649 2742 1933 2783 cornuum
1967 2722 2064 2779 ad-

268 2815 511 2902 veniam
557 2820 725 2877 velut
770 2820 1101 2879 stimulatos
1152 2821 1351 2878 furore
1399 2820 1611 2896 agebat
1651 2820 1844 2878 boves.
1931 2817 2061 2887 Quo
2088 2846 2112 2882 3

269 2920 509 2990 repente
533 2914 812 2990 discursu,
843 2916 1002 2976 haud
1041 2936 1205 2976 secus
1247 2935 1424 2994 quam
1460 2916 1628 2974 silvis
1651 2914 2062 2991 montibusque

269 3010 538 3085 accensis,
568 3013 768 3071 omnia
806 3013 959 3072 circa
991 3015 1251 3091 virgulta
1275 3014 1404 3073 visa
1438 3014 1659 3086 ardere,
1689 3011 2062 3089 capitumque

269 3106 441 3165 irrita
481 3109 776 3185 quassatio
834 3112 1097 3168 excitans
1137 3111 1433 3168 flammam
1461 3109 1792 3167 ·hominum
1844 3105 2058 3184 passim

268 3203 718 3264 discurrentium
759 3207 1008 3283 speciem
1049 3208 1360 3284 praebebat.
1463 3205 1584 3275 Qui
1625 3205 1700 3264 ad
1743 3203 2061 3262 transitum
2085 3228 2110 3267 4

267 3300 453 3359 saltus
493 3301 866 3361 insidendum
900 3303 1079 3362 locati
1114 3310 1299 3376 erant,
1330 3301 1436 3360 ubi
1470 3302 1536 3359 in
1568 3300 1810 3359 summis
1848 3300 2061 3358 monti-

267 3397 379 3456 bus
424 3417 493 3457 ac
539 3417 715 3476 super
753 3420 814 3458 se
857 3401 1134 3478 quosdam
1189 3400 1355 3477 ignes
1409 3417 1775 3475 conspexere,
1821 3398 2062 3455 circum-
