2375 3842
876 243 1139 307 LIBER
1182 245 1406 307 XXII.
1955 245 2031 307 9⁷

243 396 471 474 fuget-03
497 393 626 452 duoe
652 397 851 452 tamon
876 392 1066 470 primo
1090 411 1376 456 concursu
1401 396 1583 469 captae
1605 396 1775 450 eraut
1793 390 2031 451 Punicas

243 511 441 565 navos,
469 496 752 568 quattuor
784 509 1119 568 suppl-essse.
1202 488 1474 562 Romani,
1504 507 1839 566 quanquam
1873 493 2033 546 terra
2057 484 2135 546 20

242 588 504 649 hostium
529 593 657 646 erat
672 592 1073 664 armatamque
1096 586 1280 645 aciem
1304 590 1432 646 toto
1449 605 1594 663 prae·
1630 605 1715 646 ιικι
1751 606 1903 653 whony
1938 614 2035 654 eap-

242 691 470 745 tentam
511 681 624 766 [in]
665 683 838 742 litore
874 683 1207 755 comebant,
1233 682 1393 744 haud
1427 701 1593 741 cunc-
1631 652 1829 739 ὀῗθᾱο
1806 652 2033 700 '‘m''

242 787 441 841 tantor
463 780 718 840 insecuti
741 779 1031 858 trepidam
1054 780 1316 839 hostium
1341 779 1582 838 classem
1605 798 1785 838 navos
1810 796 2029 850 omnes,

244 897 375 955 quae
416 896 538 936 non
588 882 697 935 aut
758 877 1155 954 perfregerant
1219 895 1422 953 proras
1473 876 1637 935 litori
1685 874 1871 934 illisas
1924 881 2032 933 aut
2056 903 2080 930 2

244 975 470 1034 carinas
502 974 756 1033 fixerant
780 973 963 1049 vadis,
991 973 1267 1051 religatas
1301 973 1595 1051 puppibus
1620 974 1686 1031 in
1711 971 1900 1030 altum
1935 991 2032 1030 ex-

244 1079 514 1146 traxero3
561 1070 639 1128 ad
679 1070 941 1148 quinquo
982 1076 1045 1129 ot
1089 1070 1309 1148 viginti
1342 1089 1522 1129 navos
1563 1088 1598 1128 e
1643 1068 2032 1146 quadraginta

243 1187 459 1246 cepero.

363 1263 573 1341 Neque
592 1262 655 1321 id
672 1263 1131 1340 pulcherrimum
1152 1264 1279 1322 eius
1297 1263 1555 1321 victoriae
1582 1262 1715 1335 fuit,
1745 1260 1848 1320 sed
1873 1262 2042 1339 quod
2054 1288 2078 1326 3

241 1380 361 1420 una
384 1361 505 1420 lovi
528 1380 727 1438 pugna
758 1366 888 1419 toto
920 1360 1047 1420 eius
1079 1379 1196 1419 orae
1234 1360 1386 1418 mari
1417 1359 1593 1437 potiti
1630 1379 1719 1418 ‘rho
1686 1379 2030 1466 &Regulum
1934 1378 2031 1420 fleat

124 1491 133 1500 ·
242 1463 422 1517 erant.
488 1457 703 1535 Itaque
727 1458 802 1515 ad
827 1457 1089 1516 Onusam
1115 1456 1295 1514 classe
1313 1456 1586 1533 profecti3
1628 1435 1732 1511 ⁸:13⁰
2054 1473 2081 1509 4

242 1553 495 1614 escensio
520 1555 596 1612 ab
622 1554 917 1613 navibus
898 1573 965 1611 m
995 1558 1214 1612 terram
1249 1553 1417 1613 facta.
1503 1552 1700 1623 Quum
1733 1554 1939 1611 urbem
1964 1553 2028 1611 vi
2055 1581 2079 1618 3

242 1650 528 1728 cepissent
583 1657 928 1729 captamque
979 1649 1375 1728 diripuissent,
1425 1648 1836 1727 Carthaginem
1887 1650 2028 1709 inde

242 1753 471 1824 potunt,
501 1754 679 1824 atque
705 1766 938 1806 omnem
963 1766 1169 1825 agrum
1196 1748 1349 1807 circa
1374 1747 1711 1826 depopulati
1735 1753 2027 1825 postremo

241 1850 397 1903 tecta
441 1864 671 1922 quoquo
723 1845 992 1903 iniuncta
1042 1864 1217 1903 muro
1270 1845 1570 1923 portisque
1621 1844 2024 1903 incenderunt.

242 1940 392 1999 Indo
418 1941 537 2000 iam
564 1943 759 2019 praeda
775 1942 969 2019 gravis
984 1942 1060 2001 ad
1080 1941 1508 2019 Longunticam
1526 1941 1796 2020 pervenit
1810 1942 2022 2015 classis,
2052 1967 2077 2005 ⁶

239 2039 343 2096 ubi
367 2038 461 2097 vis
500 2058 713 2116 magna
751 2039 939 2117 sparti
974 2048 1116 2112 crat,
1145 2040 1223 2097 ad
1259 2059 1385 2098 rem
1419 2040 1716 2098 nauticam
1755 2045 2028 2116 congesta

239 2136 315 2192 ab
356 2134 744 2194 Hasdrubale.
851 2135 1023 2206 Quod
1066 2137 1210 2194 satis
1261 2136 1327 2194 in
1371 2155 1546 2194 usum
1596 2136 1730 2207 fuit,
1775 2136 2022 2207 sublate,

239 2238 496 2291 ceterum
539 2251 710 2290 omne
757 2233 1058 2291 incensum
1097 2239 1201 2291 ost.
1293 2232 1423 2290 Nec
1462 2232 1817 2289 continentis
1855 2232 2028 2290 modo
2054 2258 2076 2294 7

238 2326 510 2403 praelocta
536 2334 627 2385 ost
651 2346 767 2402 ora,
798 2329 899 2387 sed
925 2329 992 2386 in
1016 2329 1283 2387 Ebusum
1314 2319 1567 2385 insulam
1602 2327 2021 2387 transmissum.

239 2422 340 2480 Ibi
378 2422 541 2493 urbo,
568 2442 698 2500 quse
736 2431 912 2501 caput
950 2426 1155 2483 insulae
1207 2430 1311 2498 est,
1355 2424 1600 2482 biduum
1639 2424 2028 2502 nequicquam
2050 2446 2074 2484 s

238 2538 466 2578 summo
505 2519 701 2579 labore
732 2529 1081 2599 oppugnata,
1111 2521 1268 2580 ubi
1250 2541 1318 2579 m
1350 2540 1512 2599 spem
1547 2520 1777 2580 irritam
1809 2522 2029 2582 frustra

239 2617 357 2674 teri
388 2622 622 2695 tempus
660 2617 1130 2677 animadversum
1168 2625 1279 2691 ost,
1316 2618 1391 2677 ad
1429 2619 1867 2696 populationem
1898 2621 2027 2697 agri
2050 2646 2075 2685 9

239 2713 410 2787 versi,
440 2713 685 2790 direptis
724 2714 948 2790 aliquot
985 2716 1354 2792 incensisque
1392 2716 1558 2789 vicis,
1590 2717 1809 2775 maiore
1848 2736 2026 2794 quam

240 2829 316 2868 ox
335 2810 664 2869 continenti
682 2811 877 2885 praeda
892 2816 1063 2888 parta
1077 2829 1260 2888 quum
1278 2812 1344 2870 in
1364 2831 1542 2872 naves
1569 2831 1631 2871 se
1655 2813 2024 2889 recepissent,

238 2926 315 2965 ox
353 2908 686 2967 Baliaribus
725 2907 935 2967 insulis
970 2908 1150 2986 legati
1186 2928 1388 2988 pacem
1425 2915 1693 2986 potentes
1730 2910 1807 2967 ad
1848 2908 2028 2985 Scipi-

239 3023 408 3063 onem
446 3011 752 3066 venerunt.
837 3006 988 3065 Indo
1029 3006 1184 3065 flexa
1221 3012 1381 3065 retro
1419 3006 1618 3064 classis
1655 3005 2026 3080 reditumque
2054 3031 2103 3057 ιο

236 3100 304 3158 in
349 3102 617 3162 citeriora
656 3102 988 3180 provinciae,
1033 3123 1150 3179 quo
1202 3102 1466 3163 omnium
1506 3102 1873 3179 populorum,
1921 3101 2027 3179 qui
2115 3153 2118 3160 .

238 3196 534 3257 Hiberum
591 3200 877 3272 accolunt,
932 3199 1256 3257 multorum
1310 3204 1373 3257 ot
1422 3198 1649 3255 ultimae
1719 3196 2024 3275 Hispaniae

236 3294 418 3369 legati
455 3302 876 3355 concurrerunt
897 3317 917 3370 3
973 3297 1076 3355 sed
1104 3297 1210 3374 qui
1234 3315 1373 3354 vore
1409 3294 1655 3353 dicionis
1681 3294 2024 3372 imperiique
2051 3322 2096 3350 u

237 3389 494 3449 Romani
509 3391 650 3450 facti
666 3392 788 3450 sint
803 3393 1099 3452 obffidibus
1115 3392 1285 3465 datis,
1296 3390 1499 3469 populi
1513 3391 1765 3469 amplius
1782 3390 2025 3451 fuerunt

409 3517 553 3571 αι..
1808 3502 1853 3573 7
