2375 3842
322 263 437 328 118
1098 272 1198 329 LI
1203 271 1332 331 VII

244 446 293 483 13
318 414 671 473 Funditores
705 417 1110 494 sagittariique
1148 422 1212 476 et
1248 418 1611 475 frumentum
1648 415 1938 475 traditum
1977 437 2109 475 con-

316 511 555 570 sulibus.
641 512 1102 589 Quinqueremes
1164 513 1246 572 ad
1310 523 1538 573 centum
1587 510 1802 590 vimnti
1861 514 2108 572 navium

317 608 574 681 classem,
623 627 754 685 quae
799 629 936 668 cum
984 611 1050 669 Τ.
1103 610 1356 669 Otacilio
1398 617 1752 689 propraetore
1796 612 1864 668 in
1907 610 2109 668 Sicilia

316 709 460 776 erat,
488 706 748 783 quinque
783 712 846 765 et
879 707 1093 784 viginti
1118 709 1350 782 additae,
1379 708 1840 785 permissumque
1879 715 1987 781 est,
2015 714 2103 779 ut,

195 848 302 913 Α·
316 800 371 858 si
394 818 430 859 e
453 819 519 859 re
542 803 777 879 publica
801 810 1059 863 censeret
1083 824 1225 878 esse,
1252 804 1321 862 in
1346 804 1616 864 Africam
1641 806 1954 863 traiiceret.

438 897 679 957 Dilectu
707 901 962 976 perfecto
1003 902 1266 960 consules
1299 921 1513 978 paucos
1552 901 1767 960 morati
1792 902 1934 974 dies,
1963 901 2106 959 dum

189 952 298 1033 ff
318 995 395 1052 ab
440 994 607 1054 sociis
652 1014 722 1053 ac
762 997 1000 1055 nomine
1043 997 1260 1064 Latino
1299 997 1573 1056 venirent
1617 997 1855 1055 milites.
1935 997 2106 1064 Tum,

318 1113 452 1200 Q
465 1113 591 1154 tevia-
644 1123 720 1155 ιιι-ο
757 1093 913 1169 quod
954 1113 1257 1170 nunquam
1304 1100 1480 1152 antea
1519 1093 1742 1151 factum
1789 1100 1934 1166 erat,
1977 1093 2108 1153 iure

318 1207 441 1246 ma
454 1161 718 1247 ,5ἑὲωᾶ
753 1190 1002 1248 iurando
1042 1190 1119 1248 ab
1159 1190 1417 1248 tribunis
1459 1190 1717 1248 mineum
1759 1191 1955 1249 adacti
2001 1192 2109 1248 mi-

267 1286 488 1361 3lites3
540 1306 681 1345 nam
722 1288 799 1344 ad
843 1307 973 1345 eam
1014 1287 1173 1344 diem
1217 1286 1372 1344 nihil
1424 1293 1636 1363 praeter
1680 1294 2108 1346 sacramentum

318 1386 526 1458 fuerat,
582 1384 748 1442 iussu
814 1384 1119 1442 consulum
1184 1389 1573 1441 conventuros
1636 1403 1828 1461 neque
1878 1382 2109 1443 iniussu

318 1482 593 1555 abituros,
646 1488 707 1540 et
751 1482 859 1539 ubi
907 1481 984 1538 ad
1037 1480 1459 1538 decuriandum
1503 1485 1609 1539 aut
1659 1481 2110 1540 centuriandum

318 1579 741 1649 convenissent,
790 1596 899 1636 sua
939 1576 1246 1635 voluntate
1299 1576 1415 1653 ipsi
1459 1573 1616 1634 inter
1660 1596 1783 1635 sese
1823 1576 2113 1635 decuriati

270 1701 293 1735 4
320 1674 560 1752 equites,
584 1673 901 1733 centuriati
925 1673 1151 1750 pedites
1177 1674 1578 1746 coniurabant,
1606 1692 1727 1731 saee
1752 1675 1906 1750 fugae
1931 1681 2112 1752 atque

319 1771 647 1829 formidinis
685 1790 821 1847 ergo
864 1789 987 1828 non
1029 1771 1291 1828 abituros
1335 1789 1526 1847 neque
1571 1790 1648 1828 ex
1689 1771 1894 1829 ordine
1931 1789 2113 1830 reces-

320 1887 486 1926 suros
511 1867 630 1925 nisi
655 1866 765 1926 teli
789 1866 1056 1925 sumendi
1091 1872 1198 1924 aut
1232 1867 1471 1944 petendi
1500 1864 1608 1947 [et]
1638 1872 1744 1926 aut
1768 1852 1955 1926 hostis
1977 1869 2113 1926 feri·

271 1995 296 2034 3
321 1963 460 2023 endi
486 1968 591 2022 aut
617 1963 761 2022 civis
788 1963 1060 2021 servandi
1103 1982 1291 2023 causa,
1376 1963 1452 2021 Id
1487 1983 1562 2021 ex
1593 1964 1927 2021 voluntario
1952 1965 2113 2023 inter

320 2061 476 2138 ipsos
517 2060 731 2119 foedere
772 2060 849 2117 ad
892 2061 1163 2117 tribunos
1209 2079 1276 2117 ac
1318 2059 1641 2137 legitimam
1683 2059 1832 2119 iuris
1875 2059 2114 2119 iurandi

320 2159 686 2217 adactionem
711 2157 1081 2216 translatum.

272 2278 297 2317 ⁶
441 2253 776 2329 Contiones,
823 2254 1162 2331 priusquam
1203 2253 1278 2311 ab
1321 2253 1468 2310 urbe
1507 2252 1672 2330 signa
1710 2257 2107 2329 moverentur,

321 2402 409 2441 The
585 2399 720 2440 words
761 2350 1014 2409 consulis
1038 2348 1327 2407 Varronis
1352 2350 1552 2406 multae
1584 2369 1651 2407 ac
1682 2350 1900 2408 feroces
1925 2351 2109 2423 fuere,

321 2449 368 2534 g}
400 2447 723 2534 „ffigmlfflassg
762 2445 1181 2518 denuntiantis,
1231 2445 1453 2503 bellum
1497 2446 1838 2502 arcessitum
1884 2446 1951 2504 in
1992 2447 2114 2505 Ita-

321 2549 459 2588 ΝΜ·
767 2544 907 2602 liam
935 2543 1009 2601 ab
1035 2541 1332 2600 nobilibus
1362 2560 1817 2618 mansurumque
1841 2541 1909 2601 in
1934 2542 2113 2602 visce-

273 2663 296 2700 ⁷
321 2644 484 2702 ribus
509 2641 597 2700 rei
621 2640 885 2717 publicae,
913 2639 966 2697 si
991 2639 1187 2716 plures
1214 2637 1426 2695 Fabios
1451 2638 1830 2713 imperatores
1849 2638 2108 2713 haberet,

272 2756 296 2795 s
320 2760 400 2815 se,
427 2758 543 2817 quo
570 2739 665 2797 die
690 2738 916 2802 hostem
942 2735 1204 2806 vidisset,
1234 2734 1643 2810 perfecturum.
1712 2732 1959 2812 Collegae
1985 2737 2113 2794 eius

319 2876 728 2969 ww&
762 2831 1655 3002 ἷζίῗῖωῗῖῒῃῗῖἑῗίἱξᾝῖ
1673 2831 2116 3005 ξζζῖᾞξὲῗ

319 3029 553 3107 populo,
604 3046 724 3104 qua
766 3026 919 3083 nihil
965 3024 1348 3082 inclementer
1392 3022 1458 3080 in
1499 3022 1834 3082 Varronem
1885 3026 2115 3084 dictum

270 3152 295 3192 9
320 3125 437 3184 nisi
462 3126 525 3184 id
551 3124 739 3195 mod0,
766 3121 971 3180 mirari
995 3141 1073 3193 se,
1106 3117 1291 3200 [quod
1314 3115 1412 3199 ne]
1455 3118 1561 3196 qui
1602 3120 1743 3194 dux,
1771 3121 2115 3202 priusquam

321 3229 426 3281 aut
481 3240 654 3280 suum
720 3225 827 3277 aut
889 3217 1148 3277 hostium
1205 3216 1541 3287 exercitum,
1596 3217 1857 3275 locorum
1910 3219 2111 3292 situm,

321 3323 593 3377 naturam
601 3338 622 3394 3
651 3315 905 3393 regionis
949 3319 1162 3389 nosset,
1205 3312 1325 3370 iam
1378 3331 1536 3370 nunc
1587 3318 1823 3388 togatus
1860 3313 1929 3372 in
1966 3315 2117 3374 urbe

252 3443 299 3471 ιο
322 3416 512 3487 sciret,
542 3432 672 3493 quae
706 3412 821 3473 sibi
858 3412 1084 3490 agenda
1109 3414 1336 3469 armato
1361 3410 1568 3482 forent,
1600 3414 1664 3467 et
1694 3410 1852 3468 diem
1879 3430 2116 3489 quoque
