2375 3842
268 299 275 306 ,
356 214 386 271 1
399 212 471 271 28
1131 202 1230 270 ι’]
1238 212 1363 271 VJJ
1563 29 1759 270 'Ny
1849 169 1936 292 ,2³²²

356 361 482 420 sinc
507 358 894 432 mucronibus,
922 359 1212 435 Hispano,
1238 362 1505 437 punctim
1531 362 1716 439 magis
1743 382 1919 440 quam
1946 364 2132 422 caesim

354 462 585 514 assueto
608 460 810 533 petere
834 456 1077 529 hostem,
1099 458 1390 517 brevitate
1414 459 1641 518 habiles
1667 466 1730 518 et
1754 479 1889 518 cum
1913 457 2133 520 mu'cro-

355 552 543 611 nibus.
618 552 785 610 Ante
810 552 956 610 alios
979 553 1219 612 habitus
1243 555 1508 633 gentium
1533 556 1747 614 harum
1771 576 1956 634 quum
1979 537 2133 634 mag*—

307 667 331 706 6
352 647 624 706 nitudine
670 667 991 726 corporum,
1033 656 1167 708 tum
1205 652 1394 728 specie
1431 653 1713 711 terribilis
1758 660 1920 713 erat:
1977 654 2132 713 Galli

350 763 531 821 super
551 746 898 804 umbilicum
923 754 1093 805 erant
1118 750 1265 805 nudi
1272 769 1291 823 ;
1326 749 1587 826 Hispani
1610 750 1809 809 linteis
1833 752 2132 828 praetextis

352 861 612 919 purpura
636 841 869 916 tuniciS,
889 845 1135 902 candore
1160 846 1311 902 miro
1336 845 1715 923 fulgentibus,
1733 847 2126 905 constiterant.

353 939 652 999 Numerus
679 941 941 999 omnium
966 942 1248 1018 peditum,
1279 944 1383 1020 qui
1407 950 1540 1001 tum
1565 950 1857 1002 steterunt
1888 945 1956 1002 in
1990 945 2127 1015 acie,

304 1065 328 1102 7
351 1036 603 1094 millium
653 1036 774 1095 fuit
834 1039 1238 1115 quadraginta,
1295 1040 1491 1098 decem
1544 1041 1825 1117 equitum.
1936 1041 2131 1098 Duces

351 1133 620 1191 cornibus
662 1141 951 1210 praeerant
984 1135 1224 1194 sinistro
1262 1136 1619 1209 Hasdrubal,
1649 1137 1857 1194 dextro
1896 1135 2129 1193 Mahar-

349 1230 481 1305 ba13
520 1231 772 1290 mediam
796 1232 980 1290 aciem
1009 1232 1318 1290 Hannibal
1344 1235 1469 1310 ipse
1494 1253 1626 1291 cum
1660 1235 1841 1291 fratre
1876 1234 2129 1309 Magone

300 1342 326 1381 8
349 1327 558 1386 tenuit.
643 1328 745 1387 Sol
798 1348 902 1387 seu
954 1329 1027 1388 de
1079 1330 1372 1388 industria
1423 1331 1511 1388 ita
1554 1330 1776 1403 locatis,
1822 1350 1926 1388 seu
1970 1331 2129 1407 quod

347 1426 500 1484 forte
535 1426 634 1484 ita-
661 1403 891 1500 stetere,
930 1434 1358 1504 peropportune
1393 1428 1630 1504 utrique
1665 1428 1823 1504 parti
1857 1428 2128 1503 obliquus

348 1528 492 1594 erat,
530 1521 815 1581 Romanis
855 1523 922 1581 in
967 1524 1289 1597 meridiem,
1331 1523 1529 1582 Poenis
1565 1525 1634 1581 in
1672 1524 2126 1601 septentrionem

297 1647 325 1686 9
348 1620 567 1693 versis3
624 1625 837 1678 ventus
889 1620 1285 1698 (Vulturnum
1337 1622 1590 1696 regionis
1634 1621 1836 1678 incolae
1884 1621 2125 1697 vocant)

346 1715 627 1773 adversus
657 1715 941 1773 Romanis
977 1723 1209 1775 coortus
1247 1718 1436 1775 multo
1474 1718 1718 1795 pulvere
1754 1718 1823 1775 in
1859 1717 1986 1794 ipsa
2024 1736 2129 1775 ora

346 1812 633 1869 volvendo
659 1819 1028 1889 prospectum
1055 1814 1290 1873 ademit.

241 1910 320 1969 47
467 1909 731 1967 Clamore
770 1910 1016 1983 sublato,
1064 1929 1403 1987 procursum
1442 1911 1515 1969 ab
1555 1910 1792 1969 auxiliis
1830 1916 1892 1967 et
1913 1927 2130 1986 pugna

346 2027 433 2066 'rho
460 2026 644 2066 nomm
671 2037 743 2066 are
781 2005 1008 2064 levibus
1033 2007 1288 2083 primum
1328 2008 1505 2064 armis
1540 2007 1875 2079 commissa3
1915 2005 2046 2063 dein
2054 2006 2130 2062 de

345 2073 684 2167 ‹ffloeumd
697 2076 744 2113 α
781 2097 1045 2181 equitum
1063 2103 1366 2162 Gallorum
1385 2105 1892 2181 Hispanorumque
1911 2102 2130 2160 laevum

344 2218 684 2258 cornu-cum
711 2200 918 2259 dextro
939 2201 1208 2259 Romano
1235 2200 1542 2273 concurrit,
1573 2201 1815 2258 minime
1841 2201 2130 2276 equestris

295 2327 319 2354 2
342 2315 502 2355 more
539 2316 785 2374 pugnae3
836 2296 1131 2355 frontibus
1170 2299 1328 2355 enim
1368 2296 1625 2355 adversis
1667 2296 2130 2354 concurrendum

341 2397 484 2464 erat,
534 2392 689 2469 quia,
731 2392 898 2451 nullo
938 2393 1092 2450 circa
1135 2393 1212 2450 ad
1257 2393 1624 2469 evagandum
1662 2391 1868 2450 relicto
1913 2392 2125 2467 spatio,

293 2515 317 2553 3
340 2486 478 2545 hinc
505 2488 694 2545 amnis
712 2487 851 2546 hinc
865 2488 1130 2566 peditum
1150 2488 1301 2546 acies
1322 2488 1685 2546 claudebant.
1742 2487 1819 2543 In
1838 2486 2129 2543 directum

338 2583 616 2660 utrinque
641 2584 915 2658 nitentes,
938 2587 1232 2645 stantibus
1259 2606 1327 2644 ac
1353 2586 1628 2645 confertis
1643 2592 1933 2662 postremo
1948 2584 2131 2641 turba

340 2680 521 2756 equiS,
549 2680 644 2738 vir
667 2682 863 2739 virum
889 2681 1196 2758 amplexus
1223 2681 1568 2740 detrahebat
1594 2699 1758 2756 equo.
1846 2678 2130 2737 Pedestre

338 2795 550 2853 magna
567 2777 686 2834 iam
702 2798 779 2836 ex
793 2785 960 2855 parte
981 2784 1277 2837 certamen
1291 2779 1512 2836 factum
1533 2784 1661 2835 erat
1670 2797 1689 2849 3
1718 2774 1905 2833 acrius
1923 2780 2131 2832 tamen

338 2894 514 2951 quam
551 2875 774 2934 diutius
810 2882 1135 2952 pugnatum
1175 2883 1281 2949 est,
1312 2875 1581 2952 pulsique
1608 2871 1861 2932 Romani
1896 2870 2131 2947 equites

286 2997 311 3033 4
336 2976 503 3046 terga
526 2977 782 3030 vertunt.
869 2973 992 3032 Sub
1019 2973 1305 3050 equestris
1340 2974 1517 3031 finem
1554 2968 1889 3030 certaminis
1924 2976 2134 3027 coorta

334 3071 424 3124 est
468 3067 733 3143 peditum
778 3088 992 3146 pugna,
1036 3070 1227 3146 primo
1274 3075 1336 3127 et
1373 3069 1600 3127 viribus
1641 3073 1703 3126 et
1741 3065 1953 3124 animis
1994 3084 2128 3140 par,

286 3193 311 3232 5
334 3162 476 3219 dum
515 3165 862 3222 constabant
899 3165 1131 3225 ordines
1173 3166 1364 3224 Gallis
1403 3163 1842 3241 Hispanisqu03
1881 3161 2131 3219 tandem

334 3256 603 3332 Romani,
647 3259 752 3318 diu
789 3280 857 3319 ac
899 3279 1049 3338 saepe
1092 3262 1331 3335 connisi,
1372 3261 1608 3337 obliqua
1648 3259 1842 3316 fronte
1881 3256 2131 3333 acieque

331 3356 511 3414 densa
548 3356 834 3434 impulere
869 3358 1126 3417 hostium
1166 3377 1416 3418 cuneum
1454 3355 1632 3414 nimis
1664 3359 1904 3412 tenuem
1936 3370 2131 3429 eoque

1739 3487 1876 3548 Q-
