2375 3842
920 253 1182 313 LIBER
1233 252 1409 313 XXI.
1978 251 2056 311 5³

271 421 380 469 nec
405 401 780 461 vexationem
804 400 1068 460 vulneris
1099 400 1166 460 in
1193 401 1293 460 via
1322 400 1528 460 iactati
1555 399 1718 458 ultra
1741 398 1972 478 patiens
1996 402 2060 457 et

272 500 552 576 collegam
585 499 725 578 (iam
762 498 920 556 enim
957 503 1019 557 et
1047 503 1386 556 revocatum
1417 517 1494 556 ex
1530 496 1733 555 Sicilia
1766 492 2057 571 audierat)

271 603 438 655 ratus
463 595 931 672 exspectandum,
954 594 1147 653 locum
1171 594 1277 672 qui
1295 613 1475 671 prope
1492 594 1711 652 flumen
1727 593 2061 651 tutissimus

273 694 506 755 stativis
544 697 635 751 est
675 692 854 764 visus,
899 692 1189 750 delectum
1237 664 1611 767 communiit}
1681 689 1811 748 Nec
1859 688 2060 766 procul
2084 708 2108 747 ε

272 790 412 848 inde
465 788 773 846 Hannibal
826 806 1009 864 quum
1062 787 1430 858 consedisset,
1481 791 1770 864 quantum
1811 785 2061 845 victoria

275 886 531 963 equestri
557 885 762 958 elatus,
784 889 1022 942 tantum
1046 884 1260 942 anxius
1278 883 1493 960 inopia,
1522 901 1653 960 quae
1679 902 1784 960 per
1801 881 2060 941 hostium

274 1002 440 1060 agros
468 988 722 1054 euntem,
742 1000 1031 1057 nusquam
1058 981 1398 1058 praeparatis
1422 980 1853 1052 commeatibus,
1875 978 2061 1039 maior

274 1079 340 1137 in
366 1079 491 1137 dies
523 1077 865 1155 excipiebat,
895 1077 973 1135 ad
1005 1077 1355 1138 Clastidium
1390 1078 1604 1151 vicum,
1633 1096 1749 1154 quc
1783 1094 2061 1153 magnum

275 1176 558 1234 sumenti
596 1158 906 1233 minorum
947 1180 1354 1251 congesserant
1389 1173 1660 1247 Romani,
1689 1172 1892 1230 mittit„
1963 1171 2062 1230 Ibi
2086 1190 2110 1227 ⁹

276 1291 459 1350 quum
501 1273 624 1330 vim
666 1277 958 1349 pararent,
1000 1289 1132 1347 spes
1171 1271 1329 1331 facta
1362 1269 1743 1346 proditionis3
1780 1287 1905 1328 nec.
1923 1286 2063 1326 sane

275 1387 487 1445 magno
539 1369 744 1445 preti0,
799 1368 1057 1426 nummis
1108 1366 1303 1425 aureis
1367 1352 1826 1444 quadringentis,
1880 1362 2062 1422 Dasio

277 1463 637 1522 Brundisino
677 1464 949 1541 praefecto
979 1462 1239 1540 praesidii
1274 1467 1564 1538 corrupto,
1602 1460 1859 1519 traditur
1897 1459 2063 1518 Han·

277 1559 465 1618 nibali
491 1559 855 1620 Clastidium.
939 1559 1015 1618 Id
1050 1559 1327 1618 horreum
1354 1558 1472 1616 fuit
1498 1557 1710 1616 Poenis³
1722 1556 2059 1616 sedentibus

278 1655 355 1713 ad
381 1655 662 1715 Trebiam.
745 1656 823 1714 In
849 1656 1111 1731 captivos
1136 1636 1215 1714 eit
1239 1655 1460 1714 tradito
1496 1654 1780 1731 presidio,
1809 1658 1881 1711 ut
1904 1653 2063 1711 fama
2089 1681 2138 1708 ,ο

279 1753 598 1810 clementiae
635 1752 703 1810 in
736 1752 1025 1829 principio
1060 1771 1259 1810 rerum
1294 1751 1678 1828 colligeretur,
1712 1749 1863 1808 nihil
1901 1748 2062 1808 saevi·

278 1854 407 1907 tum
433 1856 536 1909 est.

399 1945 597 2015 Quum
624 1945 700 2004 ad
726 1945 999 2004 Trebiam
1024 1950 1300 2003 terrestre
1333 1943 1688 2003 constitisset
1712 1942 1960 2018 bellum,
1975 1943 2063 2001 in·
2086 1947 2162 2006 49

279 2041 453 2100 terim
479 2043 632 2100 circa
658 2042 917 2100 Siciliam
943 2042 1281 2119 insulasque
1319 2041 1626 2100 imminen-
1665 2084 1907 2124 mebsse
1926 2095 1955 2124 ι
1979 2084 2063 2124 Pn-

276 2146 368 2197 tes
415 2144 476 2196 et
511 2158 550 2195 a
593 2138 935 2215 Sempronio
974 2138 1213 2196 consule
1252 2143 1313 2196 et
1352 2143 1490 2196 ante
1527 2137 1625 2195 ad·
1663 2131 1877 2224 ξξξωξθξιξθ
1891 2134 2066 2217 ffiff}

277 2240 524 2293 ventum
576 2235 702 2292 eius
755 2240 915 2292 terra
970 2235 1235 2311 marique
1286 2253 1379 2292 res
1430 2239 1621 2310 gestae.
1665 2222 1788 2271 &0¹¹5

277 2329 515 2404 Viginti
554 2330 998 2407 quinqueremes
1035 2350 1170 2389 cum
1210 2330 1375 2388 mille
1416 2329 1657 2386 armatis
1701 2328 1777 2386 ad
1816 2327 2063 2405 depopu·
2087 2363 2110 2389 2

276 2424 514 2483 landam
540 2445 701 2483 oram
727 2426 920 2486 Italiae
947 2446 985 2484 a
1005 2426 1587 2503 Carthaginiensibus
1604 2424 1824 2498 missae3
1852 2443 2062 2483 novem

278 2521 540 2598 Liparas,
581 2528 712 2579 octo
750 2524 826 2580 ad
863 2523 1117 2582 insulam
1155 2523 1416 2581 Vulcani
1456 2527 1792 2593 tenuerunt,
1835 2527 1955 2580 tres
1996 2522 2062 2581 in

278 2619 497 2676 fretum
537 2619 754 2676 avertit
791 2626 980 2679 aestus.
1066 2619 1170 2678 Ad
1209 2639 1306 2678 eas
1338 2625 1674 2697 conspectas
1712 2639 1751 2678 a
1788 2619 2062 2678 Messana
2086 2631 2107 2667 ³

277 2715 580 2773 duodecim
600 2734 780 2775 naves
800 2717 876 2773 ab
897 2716 1162 2774 Hierone
1178 2735 1315 2793 rege
1336 2716 1829 2792 Syracusanorum
1854 2717 2058 2789 missae,

277 2812 382 2889 qui
419 2818 549 2870 tum
589 2813 740 2871 forte
778 2813 1067 2871 Messanae
1105 2818 1234 2871 erat
1267 2814 1560 2871 consulem
1592 2813 1927 2872 Romanum
1966 2834 2062 2891 op·

277 2908 521 2985 periens,
556 2910 721 2967 nullo
763 2915 1126 2986 repugnante
1164 2915 1363 2986 captas
1402 2928 1583 2967 naves
1623 2909 1958 2968 Messanam
1996 2912 2061 2969 in

277 3010 512 3081 portum
558 3007 946 3065 deduxerunt.
1050 3005 1370 3084 Cognitum
1423 3026 1499 3064 ex
1544 3008 1806 3082 captivis,
1854 3013 2063 3083 praeter
2085 3035 2110 3073 4

277 3101 493 3177 viginti
518 3095 711 3178 naves,
744 3103 910 3160 cuius
935 3103 1049 3180 ipsi
1084 3103 1284 3161 classis
1323 3108 1535 3176 essent,
1563 3102 1629 3159 in
1656 3103 1894 3160 Italiam
1930 3103 2062 3161 mis-

278 3217 384 3268 sas,
429 3200 688 3277 quinque
727 3206 790 3259 et
826 3200 1075 3279 triginta
1126 3200 1273 3258 alias
1316 3199 1759 3277 quinqueremes
1802 3199 2060 3259 Siciliam

278 3300 475 3370 petere
515 3298 591 3356 ad
632 3297 1031 3356 sollicitandos
1076 3303 1305 3356 veteres
1349 3297 1570 3368 scei0s3
1612 3295 1859 3373 Lilybaei
1899 3316 2060 3356 occu-

278 3392 457 3470 pandi
502 3393 853 3471 praecipuam
895 3413 1116 3453 curam*
1141 3413 1302 3467 esse3
1360 3394 1608 3464 eredere,
1663 3394 1863 3453 eadem
1916 3399 2060 3453 tem-
2084 3419 2108 3458 s
