2375 3842
306 242 383 304 26
1082 238 1183 300 LI
1187 234 1316 298 VII

305 395 460 453 circa
520 390 749 450 Padum
796 385 1156 446 Placentiam
1211 386 1667 462 Cremonamque
1709 383 1961 444 colonias
2014 383 2082 444 in

257 515 282 553 3
308 507 514 563 agrum
554 485 845 544 Gallicum
892 480 1171 541 deductas
1211 500 1361 557 aegre
1401 481 1788 558 patiebantur.
1870 482 2085 559 Itaque

308 585 484 642 armis
521 588 760 660 repente
799 580 1062 657 arreptis,
1102 572 1172 637 in
1213 592 1348 635 eum
1385 578 1578 652 ipsum
1616 598 1816 655 agrum
1857 578 2084 656 impetu

309 684 477 752 factO,
527 686 764 737 tantum
808 677 1047 735 terroris
1091 695 1160 735 ac
1206 655 1522 733 tumultus¹
1543 676 1821 747 fecerunt,
1856 681 1928 733 ut
1965 694 2087 733 non

310 775 554 853 agrestis
591 776 763 834 modo
802 773 1141 845 multitudo,
1182 773 1287 831 sed
1324 772 1439 849 ipsi
1475 772 1774 831 triumviri
1811 772 2082 846 Romani,

311 873 416 950 qui
438 873 516 930 ad
540 891 745 949 agrum
770 875 1054 929 venerant
1086 870 1518 949 assignandum,
1559 870 1734 927 diffisi
1771 860 2085 927 Placentiae

311 968 598 1027 moenibus
640 967 941 1026 Mutinam
985 967 1370 1042 confugerint,
1411 967 1475 1024 O.
1519 966 1811 1041 Lutatius,
1855 966 1918 1026 O.
1963 966 2091 1024 Ser-

264 1089 286 1125 4
316 1066 507 1136 vilius,
570 1063 657 1122 M.
702 1064 958 1123 Annius.
1064 1063 1295 1149 Lutatii
1361 1082 1573 1121 nomen
1634 1063 1793 1122 haud
1843 1063 2089 1121 dubium

316 1169 406 1220 est
417 1181 437 1234 ς,
478 1180 586 1239 pro
609 1161 814 1218 Annio
841 1160 1206 1237 Servilioque
1232 1159 1331 1218 Μ’.
1345 1159 1629 1217 “Acilium
1665 1166 1727 1218 et
1758 1159 1821 1219 O.
1864 1159 2093 1218 Heren-

315 1261 481 1316 nium
519 1258 739 1319 habent
779 1257 1016 1333 quidam
1055 1257 1311 1329 annales,
1350 1256 1466 1335 alif
1475 1276 1480 1283 ·
1495 1255 1561 1315 Ρ.
1604 1244 1938 1314 Cornelium
1965 1257 2093 1314 Asi-

269 1374 292 1412 5
317 1375 454 1413 nam
495 1361 557 1413 et
597 1354 663 1420 0.,
707 1352 1012 1430 Papirium
1056 1338 1410 1411 Masonem(
1460 1352 1538 1411 Id
1578 1356 1808 1430 quoque
1848 1352 2094 1411 dubium

318 1464 424 1525 est,
467 1448 667 1528 legati²
691 1452 767 1508 ad
811 1448 1306 1526 expostulandum
1345 1448 1510 1507 missi
1549 1450 1625 1508 ad
1670 1448 1845 1507 Boios
1888 1449 2096 1508 violati

318 1550 458 1620 sint,
510 1568 590 1606 an
640 1548 707 1603 in
750 1545 1090 1604 triumviros
1141 1565 1347 1620 agrum
1391 1551 1679 1604 metantes
1722 1546 1978 1623 impetus
2018 1546 2098 1605 sit

273 1665 298 1703 ⁶
320 1621 573 1741 factus]
607 1642 861 1700 Mutinae
888 1657 1071 1717 quum
1103 1634 1508 1700 obsiderentur
1532 1638 1594 1700 et
1618 1626 1760 1718 =gens
1784 1642 1859 1700 ad
1884 1660 2098 1719 oppug-

322 1740 650 1801 nandarum
702 1737 938 1802 urbium
991 1742 1148 1794 artes
1193 1737 1373 1805 rudis,
1416 1738 1732 1814 pigerrima
1781 1739 1982 1796 eadem
2023 1738 2100 1797 ad

323 1834 604 1892 militaria
642 1852 830 1909 opera,
872 1834 1064 1909 segnis
1102 1834 1341 1892 intactis
1378 1835 1657 1893 assideret
1692 1836 1893 1908 muris,
1926 1836 2103 1893 simu-

279 1967 301 2004 7
325 1931 437 1990 lari
478 1935 732 2007 coeptum
777 1931 851 1987 de
902 1948 1040 2006 pace
1094 1930 1226 2005 agi3
1293 1931 1633 2007 avocatique
1676 1932 1753 1996 ab
1799 1930 2102 1989 Gallorum

327 2027 686 2105 principibus
710 2027 890 2103 legati
915 2026 992 2085 ad
1016 2026 1370 2104 colloquium
1401 2046 1523 2085 non
1560 2034 1763 2086 contra
1800 2029 1895 2086 ius
1932 2029 2104 2087 modo

328 2124 610 2202 gentium,
652 2124 751 2181 sed
799 2122 1019 2181 violata
1061 2122 1257 2195 etiam,
1304 2142 1433 2200 quae
1478 2124 1616 2182 data
1655 2116 1722 2181 i'n
1766 2124 1830 2182 id
1873 2130 2105 2202 tempus

331 2225 473 2292 erat,
528 2220 645 2279 fide
695 2216 1281 2311 comprehenduntur,
1336 2221 1685 2298 negantibus
1738 2221 1943 2293 Gallis,
1988 2221 2108 2280 nisi

283 2339 307 2377 s
333 2315 565 2375 obsides,
593 2316 708 2374 sibi
737 2314 1134 2388 redderentur,
1175 2334 1276 2374 eos
1312 2316 1663 2378 dimissuros.
1749 2316 1948 2386 Quum
1985 2317 2109 2377 haec

332 2413 406 2470 de
432 2413 638 2488 legatis
664 2413 941 2469 nuntiata
965 2417 1158 2471 essent
1189 2418 1251 2470 et
1284 2412 1526 2474 Mutina
1562 2414 2013 2490 praesidiumque
2042 2413 2110 2471 in

332 2509 779 2584 periculoesset,
807 2507 875 2567 L.
905 2507 1168 2566 Manlius
1191 2515 1408 2585 praetor
1436 2509 1526 2567 ira
1559 2529 1831 2568 accensus
1862 2511 2112 2593 effusum

286 2640 312 2679 9
335 2623 543 2681 agmen
587 2604 665 2667 ad
717 2603 1014 2663 Mutinam
1067 2604 1244 2665 ducit.
1330 2606 1504 2664 Sflvae
1556 2612 1701 2664 tunc
1752 2606 1904 2663 circa
1953 2607 2111 2663 viam

336 2704 521 2771 erant,
549 2699 839 2775 plerisque
864 2698 1116 2760 incultis.
1202 2702 1299 2760 Ibi
1327 2702 1696 2779 inexplorato
1729 2702 2021 2777 profectus
2046 2701 2113 2758 in

336 2795 578 2853 insidias
605 2792 943 2872 praecipitat,
980 2797 1283 2876 multaque
1323 2818 1459 2857 cum
1497 2798 1649 2855 caede
1688 2815 1927 2855 suorum
1964 2816 2115 2873 segre

268 2930 316 2956 ιο
337 2894 404 2950 in
429 2897 660 2969 apertos
685 2911 914 2969 campos
946 2895 1197 2954 emersit.
1281 2895 1381 2952 Ibi
1418 2899 1607 2952 castra
1640 2893 1997 2951 communita
2033 2900 2112 2965 et,

340 2990 480 3066 quia
519 2988 703 3048 Gallis
746 2990 823 3049 ad
862 2992 1146 3075 tentanda
1185 3011 1256 3050 ea
1301 2989 1491 3048 defuit
1531 3007 1678 3064 spes,
1725 2988 1930 3047 refecti
1974 2996 2117 3047 sunt

340 3086 599 3144 militum
622 3085 820 3160 animi,
848 3107 1185 3165 quanquam
1212 3087 1287 3145 ad
1312 3085 1651 3161 wimqentos
1675 3084 1949 3144 cecidisse
1967 3086 2115 3155 *satis

271 3217 312 3244 u
343 3183 657 3240 constabat.
740 3183 868 3242 Iter
906 3184 1116 3243 deinde
1148 3184 1222 3242 de
1258 3183 1488 3254 integro
1524 3184 1793 3254 coeptum,
1823 3199 1944 3254 nec,
1974 3181 2117 3239 dum

342 3296 448 3356 per
489 3279 752 3356 patentia
794 3279 921 3338 loca
960 3281 1285 3339 ducebatur
1322 3293 1548 3352 agmen,
1588 3277 1863 3351 apparuit
1900 3277 2085 3336 hostis
2096 3298 2116 3351 3

273 3402 319 3431 ιι
345 3375 442 3435 ubi
484 3395 684 3439 rursus
721 3377 882 3436 silvae
920 3378 1169 3450 intratae,
1213 3381 1344 3435 tum
1384 3376 1706 3450 postremos
1751 3375 1945 3435 adorti
1985 3393 2119 3435 cum
