2375 3842
921 218 1182 278 LIBER
1230 215 1414 279 XXI.
1976 214 2049 273 31

271 366 553 427 Proelium
579 368 832 427 atrocius
872 384 1049 445 quam
1087 386 1196 445 pro
1233 384 1477 426 numero
1516 363 1907 443 pugnantium
1937 362 2056 423 edi-

177 462 181 467 ’
271 473 402 539 tul-3
441 472 818 543 nampraeter
840 466 1030 525 multa
1053 467 1303 527 vulnera
1326 466 1508 526 caedes
1538 464 1718 523 etiam
1743 480 2101 541 propepars

272 562 551 640 utrinque
574 562 707 635 fuit,
737 554 989 640 fugaque
1014 569 1077 621 et
1109 582 1296 641 pavor
1333 562 1730 622 Numidarum
1770 558 2056 618 Romanis

273 653 391 712 iam
435 654 748 713 admodum
800 653 966 712 fessis
1017 653 1325 713 victoriam
1377 653 1555 712 dedit.
1640 651 1916 710 Victores
1978 650 2055 708 ad

274 751 509 807 centum
532 746 852 824 sexaginta,
901 766 1009 806 nec
1054 766 1254 807 omnes
1296 747 1569 820 Romani,
1607 747 1707 805 sed
1747 765 1882 823 pars
1922 745 2058 804 Gal-

273 839 481 914 lorum,
523 839 669 899 vioti
708 841 962 918 amplius
1001 842 1241 901 ducenti
1285 842 1635 901 ceciderunt.
1719 840 1857 899 Hoc
1902 839 2056 918 prin-
2082 865 2107 901 4

275 934 493 1011 cipium
519 934 697 992 simul
721 953 1006 1011 omenque
1033 936 1174 994 belli
1210 942 1283 995 ut
1315 926 1556 995 summae
1595 955 1791 994 rerum
1827 952 2058 1012 prospe-

278 1051 413 1089 rum
445 1038 739 1104 eventum,
768 1032 856 1090 ita
893 1032 1052 1090 haud
1091 1051 1234 1091 sane
1267 1033 1635 1091 incruentam
1670 1031 2058 1110 ancipitisque

274 1128 610 1187 certaminis
635 1129 941 1187 victoriam
966 1129 1251 1189 Romanis
1275 1129 1590 1208 portendit.

399 1223 493 1283 Ut
516 1243 581 1282 re
607 1224 695 1283 ita
721 1230 885 1301 gesta
910 1225 987 1283 ad
1013 1230 1331 1302 utrumque
1364 1226 1571 1284 ducem
1604 1225 1699 1283 sui
1737 1223 2053 1294 redierunt,
2086 1248 2108 1285 s

274 1339 383 1378 neo
410 1319 666 1396 Scipioni
690 1326 847 1380 stare
877 1322 1172 1380 sententia
1209 1329 1460 1400 poterat,
1500 1323 1619 1381 nisi
1656 1329 1728 1381 ut
1765 1343 1842 1382 ex
1879 1323 2060 1382 consi-
2107 1356 2111 1363 ·

275 1418 372 1477 liis
397 1417 713 1497 coeptisque
737 1417 924 1478 hostis
950 1426 1011 1478 et
1035 1419 1161 1497 ipse
1185 1427 1429 1478 conatus
1454 1426 1702 1498 caperet,
1733 1427 1795 1479 et
1830 1419 2059 1479 Hanni·
2084 1437 2110 1476 ⁶

275 1514 468 1572 balem
493 1513 798 1586 incertum,
828 1520 1029 1572 utrum
1056 1521 1312 1591 coeptum
1348 1515 1414 1573 in
1453 1515 1695 1574 Italiam
1727 1515 2060 1574 intenderet

276 1611 393 1667 iter
433 1628 511 1668 an
553 1627 687 1667 cum
732 1628 818 1680 eo,
869 1610 973 1686 qui
1016 1610 1241 1688 primus
1287 1630 1349 1669 se
1396 1611 1705 1670 obtulisset
1751 1611 2055 1670 Romanus

274 1706 580 1778 exercitus,
608 1724 815 1763 manus
851 1713 1191 1780 consereret,
1237 1708 1456 1766 avertit
1494 1727 1532 1765 a
1569 1709 1841 1785 praesenti
1879 1716 2059 1768 certa-

274 1803 434 1862 mine
468 1802 748 1862 Boiorum
785 1801 1113 1879 legatorum
1149 1803 1453 1880 regulique
1493 1803 1716 1880 Magali
1753 1804 2057 1873 adventus,

275 1900 379 1977 qui
403 1919 467 1960 se
492 1901 667 1960 duces
697 1899 995 1972 itinerum,
1035 1899 1219 1958 socios
1250 1900 1496 1978 periculi
1526 1899 1650 1959 fore
1684 1901 2055 1971 affirmantes,

278 1995 508 2073 integro
559 1995 729 2069 bello,
785 2011 1077 2070 nusquam
1122 2000 1263 2052 ante
1315 1994 1514 2053 libatis
1551 1995 1779 2054 viribus
1819 1996 2056 2055 Italiam

274 2092 718 2169 aggrediendam
783 2097 1037 2150 censent.
1121 2091 1454 2150 Multitudo
1520 2092 1767 2150 timebat
1825 2093 2059 2169 quidem
2085 2119 2109 2157 7

275 2187 518 2259 hostem,
553 2186 816 2244 nondum
853 2185 1195 2243 oblitterata
1232 2185 1511 2243 memoria
1548 2185 1861 2262 superioris
1903 2188 2059 2260 belli,

275 2283 379 2340 sed
403 2281 589 2358 magis
614 2281 730 2339 iter
762 2281 1113 2340 immensum
1147 2281 1466 2357 Alpesque,
1502 2299 1627 2338 rem
1661 2281 1819 2339 fama
1855 2282 2061 2360 utique

275 2378 600 2455 inexpertis
623 2377 989 2451 horrendam,
1006 2378 1322 2436 metuebat.
1411 2377 1624 2453 Itaque
1662 2396 1871 2440 Eanum-1
1884 2402 2061 2442 resolve·
2086 2364 2162 2422 3⁰
2193 2358 2268 2481 ff

276 2476 600 2548 Hannibal,
629 2481 939 2553 postquam
973 2475 1088 2554 ipsi
1125 2474 1419 2534 sententia
1458 2474 1626 2532 stetit
1663 2445 2061 2541 Qffinlgnhffigng

275 2591 514 2652 pergere
538 2572 627 2631 ire
651 2579 829 2650 atque
849 2573 1087 2631 Italiam
1105 2579 1322 2650 petere,
1345 2573 1625 2631 advocata
1663 2537 2064 2633 &exconmunis

276 2671 562 2744 contione,
591 2671 755 2729 varie
789 2671 1048 2729 militum
1086 2676 1286 2731 versat
1323 2670 1549 2728 animos
1591 2669 1927 2747 castigando
1965 2670 2061 2727 ad-

276 2768 708 2845 hortandoque:
758 2766 971 2825 Mirari
1016 2785 1094 2840 se,
1137 2766 1380 2843 quinam
1418 2771 1653 2843 pectora
1692 2785 1920 2843 semper
1956 2765 2059 2824 im·
2094 2791 2116 2816 2

276 2863 492 2941 pavida
515 2882 726 2941 repens
750 2869 941 2922 terror
965 2861 1264 2921 invaserit.
1349 2863 1468 2921 Per
1492 2868 1585 2921 tot
1610 2883 1795 2921 annos
1828 2863 2062 2921 vincen-

276 2967 368 3019 tes
391 2979 490 3019 eos
514 2960 809 3038 stipendia
831 2960 1020 3019 facere
1044 2979 1235 3037 neque
1262 2967 1401 3018 ante
1423 2960 1719 3036 Hispania
1732 2959 2056 3031 excessisse,

275 3075 452 3133 quam
497 3074 696 3115 omnes
736 3062 1054 3134 gentesque
1104 3062 1168 3114 et
1219 3062 1406 3128 terrae,
1463 3074 1607 3131 quas
1660 3055 1778 3113 duo
1831 3054 2062 3113 diversa

275 3153 461 3212 maria
484 3155 928 3231 amplectantur,
958 3151 1530 3228 Carthaginiensium
1570 3157 1776 3212 essent.
1864 3151 2059 3231 Indig-
2093 3175 2117 3214 ³

276 3254 446 3309 natos
471 3250 696 3323 deinde,
725 3250 899 3328 quod,
935 3249 1286 3326 quicumque
1320 3248 1651 3326 Saguntum
1684 3250 2056 3323 obsedissent,

277 3341 446 3405 velut
469 3344 544 3402 ob
568 3363 785 3405 noxam
811 3345 925 3404 sibi
949 3345 1084 3404 dedi
1109 3345 1436 3422 postularet
1461 3345 1712 3422 populus
1738 3345 2057 3421 Romanus,
