<?xml version="1.0" encoding="UTF-8"?>
<!DOCTYPE html PUBLIC "-//W3C//DTD XHTML 1.0 Transitional//EN"
    "http://www.w3.org/TR/xhtml1/DTD/xhtml1-transitional.dtd">
<html xmlns="http://www.w3.org/1999/xhtml" xml:lang="en" lang="en">
 <head>
  <title>
</title>
<meta http-equiv="Content-Type" content="text/html;charset=utf-8" />
  <meta name='ocr-system' content='tesseract 3.04.00' />
  <meta name='ocr-capabilities' content='ocr_page ocr_carea ocr_par ocr_line ocrx_word'/>
</head>
<body>
  <div class='ocr_page' id='page_1' title='image "./livybooksxxiand02capegoog_0099.png"; bbox 0 0 2375 3842; ppageno 0'>
   <div class='ocr_carea' id='block_1_1' title="bbox 933 232 2074 294">
    <p class='ocr_par' dir='ltr' id='par_1_1' title="bbox 933 232 2074 294">
     <span class='ocr_line' id='line_1_1' title="bbox 933 232 2074 294; baseline -0.002 0"><span class='ocrx_word' id='word_1_1' title='bbox 933 233 1194 294; x_wconf 75' lang='lat' dir='ltr'><em>LIBER</em></span> <span class='ocrx_word' id='word_1_2' title='bbox 1244 232 1431 294; x_wconf 75' lang='lat' dir='ltr'><em>XXI.</em></span> <span class='ocrx_word' id='word_1_3' title='bbox 2037 236 2074 292; x_wconf 75' lang='lat'>5</span> 
     </span>
    </p>
   </div>
   <div class='ocr_carea' id='block_1_2' title="bbox 216 379 2123 2207">
    <p class='ocr_par' dir='ltr' id='par_1_2' title="bbox 276 379 2123 1819">
     <span class='ocr_line' id='line_1_2' title="bbox 286 379 2076 459; baseline -0.002 -18"><span class='ocrx_word' id='word_1_4' title='bbox 286 382 497 441; x_wconf 89' lang='lat' dir='ltr'><strong>deinde</strong></span> <span class='ocrx_word' id='word_1_5' title='bbox 538 383 988 458; x_wconf 70' lang='lat' dir='ltr'><strong>Hasdrubalem,</strong></span> <span class='ocrx_word' id='word_1_6' title='bbox 1019 388 1396 444; x_wconf 70' lang='lat' dir='ltr'><strong>cunctantem</strong></span> <span class='ocrx_word' id='word_1_7' title='bbox 1430 397 1598 442; x_wconf 84' lang='lat' dir='ltr'><strong>casus</strong></span> <span class='ocrx_word' id='word_1_8' title='bbox 1631 379 1846 459; x_wconf 84' lang='lat' dir='ltr'><strong>aliquis</strong></span> <span class='ocrx_word' id='word_1_9' title='bbox 1885 379 2076 458; x_wconf 78' lang='lat' dir='ltr'><strong>oppri-</strong></span> 
     </span>
     <span class='ocr_line' id='line_1_3' title="bbox 287 478 2123 559; baseline 0.002 -21"><span class='ocrx_word' id='word_1_10' title='bbox 287 487 489 550; x_wconf 85' lang='lat' dir='ltr'><strong>meret,</strong></span> <span class='ocrx_word' id='word_1_11' title='bbox 523 479 864 559; x_wconf 78' lang='lat' dir='ltr'><strong>Saguntinis</strong></span> <span class='ocrx_word' id='word_1_12' title='bbox 897 481 1113 541; x_wconf 81' lang='lat' dir='ltr'><strong>inferre</strong></span> <span class='ocrx_word' id='word_1_13' title='bbox 1153 481 1372 539; x_wconf 89' lang='lat' dir='ltr'><strong>bellum</strong></span> <span class='ocrx_word' id='word_1_14' title='bbox 1412 478 1639 539; x_wconf 74' lang='lat' dir='ltr'><strong>statuit</strong></span> <span class='ocrx_word' id='word_1_15' title='bbox 1711 478 1938 550; x_wconf 78' lang='lat' dir='ltr'><strong>Quibus</strong></span> <span class='ocrx_word' id='word_1_16' title='bbox 1976 496 2070 555; x_wconf 89' lang='lat' dir='ltr'><strong>op·</strong></span> <span class='ocrx_word' id='word_1_17' title='bbox 2098 502 2123 541; x_wconf 82' lang='grc'><strong><em>3</em></strong></span> 
     </span>
     <span class='ocr_line' id='line_1_4' title="bbox 285 576 2069 654; baseline 0 -20"><span class='ocrx_word' id='word_1_18' title='bbox 285 576 614 653; x_wconf 87' lang='lat' dir='ltr'><strong>pugnandis</strong></span> <span class='ocrx_word' id='word_1_19' title='bbox 638 577 779 654; x_wconf 86' lang='lat' dir='ltr'><strong>quia</strong></span> <span class='ocrx_word' id='word_1_20' title='bbox 803 576 963 636; x_wconf 87' lang='lat' dir='ltr'><strong>haud</strong></span> <span class='ocrx_word' id='word_1_21' title='bbox 988 577 1164 636; x_wconf 89' lang='lat' dir='ltr'><strong>dubie</strong></span> <span class='ocrx_word' id='word_1_22' title='bbox 1194 577 1465 636; x_wconf 85' lang='lat' dir='ltr'><strong>Romana.</strong></span> <span class='ocrx_word' id='word_1_23' title='bbox 1481 596 1646 635; x_wconf 82' lang='lat' dir='ltr'><strong>arma</strong></span> <span class='ocrx_word' id='word_1_24' title='bbox 1664 576 2069 650; x_wconf 81' lang='lat' dir='ltr'><strong>movebantur,</strong></span> 
     </span>
     <span class='ocr_line' id='line_1_5' title="bbox 284 672 2072 754; baseline 0.001 -24"><span class='ocrx_word' id='word_1_25' title='bbox 284 672 350 730; x_wconf 91' lang='lat' dir='ltr'><strong>in</strong></span> <span class='ocrx_word' id='word_1_26' title='bbox 397 673 681 731; x_wconf 79' lang='lat' dir='ltr'><strong>Olcadum</strong></span> <span class='ocrx_word' id='word_1_27' title='bbox 722 674 886 751; x_wconf 81' lang='lat' dir='ltr'><strong>prius</strong></span> <span class='ocrx_word' id='word_1_28' title='bbox 934 674 1079 733; x_wconf 85' lang='lat' dir='ltr'><strong>fines</strong></span> <span class='ocrx_word' id='word_1_29' title='bbox 1125 672 1308 754; x_wconf 82' lang='lat' dir='ltr'><strong>(ultra</strong></span> <span class='ocrx_word' id='word_1_30' title='bbox 1365 674 1660 733; x_wconf 88' lang='lat' dir='ltr'><strong>Hiberum</strong></span> <span class='ocrx_word' id='word_1_31' title='bbox 1708 692 1777 732; x_wconf 90' lang='lat' dir='ltr'><strong>ea</strong></span> <span class='ocrx_word' id='word_1_32' title='bbox 1820 692 1965 750; x_wconf 83' lang='lat' dir='ltr'><strong>gens</strong></span> <span class='ocrx_word' id='word_1_33' title='bbox 2004 672 2072 731; x_wconf 90' lang='lat' dir='ltr'><strong>in</strong></span> 
     </span>
     <span class='ocr_line' id='line_1_6' title="bbox 282 765 2067 851; baseline 0.001 -24"><span class='ocrx_word' id='word_1_34' title='bbox 282 765 451 844; x_wconf 75' lang='lat' dir='ltr'><strong>pai-te</strong></span> <span class='ocrx_word' id='word_1_35' title='bbox 486 770 671 847; x_wconf 84' lang='lat' dir='ltr'><strong>magis</strong></span> <span class='ocrx_word' id='word_1_36' title='bbox 709 790 887 847; x_wconf 91' lang='lat' dir='ltr'><strong>quam</strong></span> <span class='ocrx_word' id='word_1_37' title='bbox 928 770 994 829; x_wconf 91' lang='lat' dir='ltr'><strong>in</strong></span> <span class='ocrx_word' id='word_1_38' title='bbox 1034 771 1263 831; x_wconf 89' lang='lat' dir='ltr'><strong>dicione</strong></span> <span class='ocrx_word' id='word_1_39' title='bbox 1304 770 1875 848; x_wconf 76' lang='lat' dir='ltr'><strong>Carthaginiensium</strong></span> <span class='ocrx_word' id='word_1_40' title='bbox 1915 769 2067 851; x_wconf 87' lang='lat' dir='ltr'><strong>erat)</strong></span> 
     </span>
     <span class='ocr_line' id='line_1_7' title="bbox 283 865 2071 946; baseline 0.002 -23"><span class='ocrx_word' id='word_1_41' title='bbox 283 865 521 925; x_wconf 85' lang='lat' dir='ltr'><strong>induxit</strong></span> <span class='ocrx_word' id='word_1_42' title='bbox 573 867 913 939; x_wconf 86' lang='lat' dir='ltr'><strong>exercitum,</strong></span> <span class='ocrx_word' id='word_1_43' title='bbox 969 874 1041 926; x_wconf 92' lang='lat' dir='ltr'><strong>ut</strong></span> <span class='ocrx_word' id='word_1_44' title='bbox 1094 887 1214 927; x_wconf 92' lang='lat' dir='ltr'><strong>non</strong></span> <span class='ocrx_word' id='word_1_45' title='bbox 1268 867 1483 945; x_wconf 85' lang='lat' dir='ltr'><strong>petisse</strong></span> <span class='ocrx_word' id='word_1_46' title='bbox 1537 867 1910 946; x_wconf 79' lang='lat' dir='ltr'><strong>Saguntinos,</strong></span> <span class='ocrx_word' id='word_1_47' title='bbox 1967 868 2071 927; x_wconf 85' lang='lat' dir='ltr'><strong>sed</strong></span> 
     </span>
     <span class='ocr_line' id='line_1_8' title="bbox 282 963 2069 1041; baseline 0.002 -21"><span class='ocrx_word' id='word_1_48' title='bbox 282 982 479 1021; x_wconf 89' lang='lat' dir='ltr'><strong>rerum</strong></span> <span class='ocrx_word' id='word_1_49' title='bbox 515 963 680 1035; x_wconf 90' lang='lat' dir='ltr'><strong>serie,</strong></span> <span class='ocrx_word' id='word_1_50' title='bbox 729 963 996 1022; x_wconf 87' lang='lat' dir='ltr'><strong>finitimis</strong></span> <span class='ocrx_word' id='word_1_51' title='bbox 1042 964 1280 1023; x_wconf 85' lang='lat' dir='ltr'><strong>domitis</strong></span> <span class='ocrx_word' id='word_1_52' title='bbox 1321 964 1613 1041; x_wconf 79' lang='lat' dir='ltr'><strong>gentibus,</strong></span> <span class='ocrx_word' id='word_1_53' title='bbox 1661 964 2069 1041; x_wconf 80' lang='lat' dir='ltr'><strong>iungendoque</strong></span> 
     </span>
     <span class='ocr_line' id='line_1_9' title="bbox 282 1060 2116 1138; baseline 0.003 -20"><span class='ocrx_word' id='word_1_54' title='bbox 282 1066 506 1118; x_wconf 84' lang='lat' dir='ltr'><strong>tractus</strong></span> <span class='ocrx_word' id='word_1_55' title='bbox 536 1061 613 1118; x_wconf 86' lang='lat' dir='ltr'><strong>ad</strong></span> <span class='ocrx_word' id='word_1_56' title='bbox 651 1060 715 1118; x_wconf 92' lang='lat' dir='ltr'><strong>id</strong></span> <span class='ocrx_word' id='word_1_57' title='bbox 747 1060 970 1119; x_wconf 89' lang='lat' dir='ltr'><strong>bellum</strong></span> <span class='ocrx_word' id='word_1_58' title='bbox 1001 1061 1191 1121; x_wconf 84' lang='lat' dir='ltr'><strong>videri</strong></span> <span class='ocrx_word' id='word_1_59' title='bbox 1229 1067 1436 1138; x_wconf 88' lang='lat' dir='ltr'><strong>posset.</strong></span> <span class='ocrx_word' id='word_1_60' title='bbox 1521 1061 1832 1135; x_wconf 75' lang='lat' dir='ltr'><strong>Cartalam,</strong></span> <span class='ocrx_word' id='word_1_61' title='bbox 1860 1062 2066 1121; x_wconf 83' lang='lat' dir='ltr'><strong>urbem</strong></span> <span class='ocrx_word' id='word_1_62' title='bbox 2090 1085 2116 1123; x_wconf 82' lang='grc'><strong>4</strong></span> 
     </span>
     <span class='ocr_line' id='line_1_10' title="bbox 281 1156 2066 1236; baseline 0.002 -23"><span class='ocrx_word' id='word_1_63' title='bbox 281 1156 636 1234; x_wconf 71' lang='lat' dir='ltr'><strong>opulentam,</strong></span> <span class='ocrx_word' id='word_1_64' title='bbox 665 1167 842 1235; x_wconf 86' lang='lat' dir='ltr'><strong>caput</strong></span> <span class='ocrx_word' id='word_1_65' title='bbox 866 1158 1059 1234; x_wconf 84' lang='lat' dir='ltr'><strong>gentis</strong></span> <span class='ocrx_word' id='word_1_66' title='bbox 1086 1159 1230 1230; x_wconf 90' lang='lat' dir='ltr'><strong>eius,</strong></span> <span class='ocrx_word' id='word_1_67' title='bbox 1253 1164 1553 1236; x_wconf 80' lang='lat' dir='ltr'><strong>expugnat</strong></span> <span class='ocrx_word' id='word_1_68' title='bbox 1578 1157 1894 1235; x_wconf 88' lang='lat' dir='ltr'><strong>diripitque</strong></span> <span class='ocrx_word' id='word_1_69' title='bbox 1904 1178 1923 1232; x_wconf 81' lang='lat'>3</span> <span class='ocrx_word' id='word_1_70' title='bbox 1947 1177 2066 1235; x_wconf 90' lang='lat' dir='ltr'><strong>quo</strong></span> 
     </span>
     <span class='ocr_line' id='line_1_11' title="bbox 280 1254 2066 1332; baseline 0.001 -20"><span class='ocrx_word' id='word_1_71' title='bbox 280 1260 443 1312; x_wconf 79' lang='lat' dir='ltr'><strong>metu</strong></span> <span class='ocrx_word' id='word_1_72' title='bbox 495 1256 770 1331; x_wconf 58' lang='lat' dir='ltr'><strong>perculsa}</strong></span> <span class='ocrx_word' id='word_1_73' title='bbox 817 1256 1071 1315; x_wconf 86' lang='lat' dir='ltr'><strong>minores</strong></span> <span class='ocrx_word' id='word_1_74' title='bbox 1125 1255 1397 1314; x_wconf 86' lang='lat' dir='ltr'><strong>civitates</strong></span> <span class='ocrx_word' id='word_1_75' title='bbox 1449 1254 1740 1332; x_wconf 85' lang='lat' dir='ltr'><strong>stipendio</strong></span> <span class='ocrx_word' id='word_1_76' title='bbox 1792 1255 2066 1331; x_wconf 88' lang='lat' dir='ltr'><strong>imposito</strong></span> 
     </span>
     <span class='ocr_line' id='line_1_12' title="bbox 278 1351 2065 1429; baseline 0.001 -20"><span class='ocrx_word' id='word_1_77' title='bbox 278 1351 589 1428; x_wconf 87' lang='lat' dir='ltr'><strong>imperium</strong></span> <span class='ocrx_word' id='word_1_78' title='bbox 641 1372 925 1429; x_wconf 87' lang='lat' dir='ltr'><strong>accepere.</strong></span> <span class='ocrx_word' id='word_1_79' title='bbox 1029 1352 1242 1411; x_wconf 86' lang='lat' dir='ltr'><strong>Victor</strong></span> <span class='ocrx_word' id='word_1_80' title='bbox 1294 1353 1584 1412; x_wconf 83' lang='lat' dir='ltr'><strong>exercitus</strong></span> <span class='ocrx_word' id='word_1_81' title='bbox 1638 1352 2065 1428; x_wconf 82' lang='lat' dir='ltr'><strong>opulentusque</strong></span> 
     </span>
     <span class='ocr_line' id='line_1_13' title="bbox 278 1447 2058 1527; baseline 0.001 -21"><span class='ocrx_word' id='word_1_82' title='bbox 278 1449 473 1525; x_wconf 79' lang='lat' dir='ltr'><strong>praeda</strong></span> <span class='ocrx_word' id='word_1_83' title='bbox 517 1448 930 1527; x_wconf 81' lang='lat' dir='ltr'><strong>Carthaginem</strong></span> <span class='ocrx_word' id='word_1_84' title='bbox 973 1450 1213 1509; x_wconf 82' lang='lat' dir='ltr'><strong>Novam</strong></span> <span class='ocrx_word' id='word_1_85' title='bbox 1254 1449 1320 1507; x_wconf 91' lang='lat' dir='ltr'><strong>in</strong></span> <span class='ocrx_word' id='word_1_86' title='bbox 1360 1449 1607 1507; x_wconf 86' lang='lat' dir='ltr'><strong>hiberna</strong></span> <span class='ocrx_word' id='word_1_87' title='bbox 1641 1454 1731 1507; x_wconf 85' lang='lat' dir='ltr'><strong>est</strong></span> <span class='ocrx_word' id='word_1_88' title='bbox 1762 1447 2058 1508; x_wconf 84' lang='lat' dir='ltr'><strong>deductus.</strong></span> 
     </span>
     <span class='ocr_line' id='line_1_14' title="bbox 280 1545 2111 1625; baseline 0.004 -23"><span class='ocrx_word' id='word_1_89' title='bbox 280 1545 381 1602; x_wconf 94' lang='lat' dir='ltr'><strong>Ibi</strong></span> <span class='ocrx_word' id='word_1_90' title='bbox 423 1545 582 1621; x_wconf 89' lang='lat' dir='ltr'><strong>large</strong></span> <span class='ocrx_word' id='word_1_91' title='bbox 635 1547 943 1623; x_wconf 87' lang='lat' dir='ltr'><strong>partiendo</strong></span> <span class='ocrx_word' id='word_1_92' title='bbox 994 1548 1252 1625; x_wconf 80' lang='lat' dir='ltr'><strong>praedam</strong></span> <span class='ocrx_word' id='word_1_93' title='bbox 1303 1546 1709 1623; x_wconf 88' lang='lat' dir='ltr'><strong>stipendioque</strong></span> <span class='ocrx_word' id='word_1_94' title='bbox 1766 1545 2063 1624; x_wconf 80' lang='lat' dir='ltr'><strong>praeterito</strong></span> <span class='ocrx_word' id='word_1_95' title='bbox 2087 1569 2111 1609; x_wconf 79' lang='lat' dir='ltr'><strong>s</strong></span> 
     </span>
     <span class='ocr_line' id='line_1_15' title="bbox 279 1642 2063 1721; baseline 0.002 -22"><span class='ocrx_word' id='word_1_96' title='bbox 279 1661 411 1700; x_wconf 90' lang='lat' dir='ltr'><strong>cum</strong></span> <span class='ocrx_word' id='word_1_97' title='bbox 430 1642 545 1699; x_wconf 88' lang='lat' dir='ltr'><strong>fide</strong></span> <span class='ocrx_word' id='word_1_98' title='bbox 565 1643 918 1703; x_wconf 83' lang='lat' dir='ltr'><strong>exsolvendo</strong></span> <span class='ocrx_word' id='word_1_99' title='bbox 944 1645 1170 1703; x_wconf 88' lang='lat' dir='ltr'><strong>cunctis</strong></span> <span class='ocrx_word' id='word_1_100' title='bbox 1191 1644 1409 1703; x_wconf 88' lang='lat' dir='ltr'><strong>civium</strong></span> <span class='ocrx_word' id='word_1_101' title='bbox 1437 1644 1835 1721; x_wconf 89' lang='lat' dir='ltr'><strong>sociorumque</strong></span> <span class='ocrx_word' id='word_1_102' title='bbox 1850 1642 2063 1702; x_wconf 88' lang='lat' dir='ltr'><strong>animis</strong></span> 
     </span>
     <span class='ocr_line' id='line_1_16' title="bbox 276 1738 2055 1819; baseline 0.002 -21"><span class='ocrx_word' id='word_1_103' title='bbox 276 1738 339 1799; x_wconf 91' lang='lat' dir='ltr'><strong>in</strong></span> <span class='ocrx_word' id='word_1_104' title='bbox 361 1761 422 1800; x_wconf 86' lang='lat' dir='ltr'><strong>se</strong></span> <span class='ocrx_word' id='word_1_105' title='bbox 437 1743 701 1814; x_wconf 78' lang='lat' dir='ltr'><strong>firmatis,</strong></span> <span class='ocrx_word' id='word_1_106' title='bbox 728 1761 865 1802; x_wconf 82' lang='lat' dir='ltr'><strong>vere</strong></span> <span class='ocrx_word' id='word_1_107' title='bbox 884 1742 1074 1819; x_wconf 91' lang='lat' dir='ltr'><strong>primo</strong></span> <span class='ocrx_word' id='word_1_108' title='bbox 1089 1741 1156 1800; x_wconf 91' lang='lat' dir='ltr'><strong>in</strong></span> <span class='ocrx_word' id='word_1_109' title='bbox 1173 1742 1445 1800; x_wconf 77' lang='lat' dir='ltr'><strong>Vaccaeos</strong></span> <span class='ocrx_word' id='word_1_110' title='bbox 1461 1746 1791 1818; x_wconf 89' lang='lat' dir='ltr'><strong>promotum</strong></span> <span class='ocrx_word' id='word_1_111' title='bbox 1820 1741 2055 1801; x_wconf 86' lang='lat' dir='ltr'><strong>bellum.</strong></span> 
     </span>
    </p>

    <p class='ocr_par' dir='ltr' id='par_1_3' title="bbox 216 1836 2110 2012">
     <span class='ocr_line' id='line_1_17' title="bbox 216 1836 2110 1934; baseline 0.001 -39"><span class='ocrx_word' id='word_1_112' title='bbox 216 1898 231 1911; x_wconf 64' lang='grc'><strong><em>,</em></strong></span> <span class='ocrx_word' id='word_1_113' title='bbox 277 1836 672 1898; x_wconf 82' lang='lat' dir='ltr'><strong>Hermandica</strong></span> <span class='ocrx_word' id='word_1_114' title='bbox 697 1846 759 1897; x_wconf 88' lang='lat' dir='ltr'><strong>et</strong></span> <span class='ocrx_word' id='word_1_115' title='bbox 782 1838 1091 1912; x_wconf 78' lang='lat' dir='ltr'><strong>Arbocala,</strong></span> <span class='ocrx_word' id='word_1_116' title='bbox 1121 1858 1322 1897; x_wconf 90' lang='lat' dir='ltr'><strong>eorum</strong></span> <span class='ocrx_word' id='word_1_117' title='bbox 1349 1840 1540 1913; x_wconf 87' lang='lat' dir='ltr'><strong>urbes,</strong></span> <span class='ocrx_word' id='word_1_118' title='bbox 1561 1838 1625 1897; x_wconf 82' lang='lat' dir='ltr'><strong>vi</strong></span> <span class='ocrx_word' id='word_1_119' title='bbox 1661 1892 1746 1934; x_wconf 71' lang='lat' dir='ltr'><strong>and</strong></span> <span class='ocrx_word' id='word_1_120' title='bbox 1760 1893 1831 1933; x_wconf 54' lang='lat' dir='ltr'>m</span> <span class='ocrx_word' id='word_1_121' title='bbox 1844 1892 2009 1934; x_wconf 64' lang='lat' dir='ltr'><strong>Vaccus</strong></span> <span class='ocrx_word' id='word_1_122' title='bbox 2084 1844 2110 1884; x_wconf 83' lang='lat'><strong>⁶</strong></span> 
     </span>
     <span class='ocr_line' id='line_1_18' title="bbox 276 1936 1621 2012; baseline 0.003 -21"><span class='ocrx_word' id='word_1_123' title='bbox 276 1942 481 2012; x_wconf 80' lang='lat' dir='ltr'><strong>captae3</strong></span> <span class='ocrx_word' id='word_1_124' title='bbox 500 1936 796 1995; x_wconf 85' lang='lat' dir='ltr'><strong>Arbocala</strong></span> <span class='ocrx_word' id='word_1_125' title='bbox 820 1943 882 1994; x_wconf 90' lang='lat' dir='ltr'><strong>et</strong></span> <span class='ocrx_word' id='word_1_126' title='bbox 906 1936 1130 1994; x_wconf 83' lang='lat' dir='ltr'><strong>virtute</strong></span> <span class='ocrx_word' id='word_1_127' title='bbox 1149 1942 1213 1994; x_wconf 89' lang='lat' dir='ltr'><strong>et</strong></span> <span class='ocrx_word' id='word_1_128' title='bbox 1237 1936 1621 1995; x_wconf 89' lang='lat' dir='ltr'><strong>multitudine</strong></span> 
     </span>
    </p>

    <p class='ocr_par' dir='ltr' id='par_1_4' title="bbox 274 2032 2107 2207">
     <span class='ocr_line' id='line_1_19' title="bbox 276 2032 2107 2110; baseline 0 -22"><span class='ocrx_word' id='word_1_129' title='bbox 276 2032 696 2108; x_wconf 87' lang='lat' dir='ltr'><strong>oppidanorum</strong></span> <span class='ocrx_word' id='word_1_130' title='bbox 726 2033 831 2090; x_wconf 87' lang='lat' dir='ltr'><strong>diu</strong></span> <span class='ocrx_word' id='word_1_131' title='bbox 856 2033 1109 2091; x_wconf 81' lang='lat' dir='ltr'><strong>defensa.</strong></span> <span class='ocrx_word' id='word_1_132' title='bbox 1154 2034 1255 2091; x_wconf 87' lang='lat' dir='ltr'><strong>Ab</strong></span> <span class='ocrx_word' id='word_1_133' title='bbox 1279 2033 1675 2092; x_wconf 87' lang='lat' dir='ltr'><strong>Hermandica</strong></span> <span class='ocrx_word' id='word_1_134' title='bbox 1698 2032 1932 2110; x_wconf 80' lang='lat' dir='ltr'><strong>profugi</strong></span> <span class='ocrx_word' id='word_1_135' title='bbox 1958 2050 2057 2090; x_wconf 82' lang='lat' dir='ltr'><strong>ex·</strong></span> <span class='ocrx_word' id='word_1_136' title='bbox 2082 2049 2107 2088; x_wconf 82' lang='lat'>⁷</span> 
     </span>
     <span class='ocr_line' id='line_1_20' title="bbox 274 2128 2058 2207; baseline 0.002 -23"><span class='ocrx_word' id='word_1_137' title='bbox 274 2128 498 2186; x_wconf 88' lang='lat' dir='ltr'><strong>sulibus</strong></span> <span class='ocrx_word' id='word_1_138' title='bbox 538 2130 839 2198; x_wconf 83' lang='lat' dir='ltr'><strong>Olcadum,</strong></span> <span class='ocrx_word' id='word_1_139' title='bbox 875 2129 1068 2206; x_wconf 88' lang='lat' dir='ltr'><strong>priore</strong></span> <span class='ocrx_word' id='word_1_140' title='bbox 1108 2137 1311 2189; x_wconf 78' lang='lat' dir='ltr'><strong>aestate</strong></span> <span class='ocrx_word' id='word_1_141' title='bbox 1351 2130 1584 2189; x_wconf 82' lang='lat' dir='ltr'><strong>domitae</strong></span> <span class='ocrx_word' id='word_1_142' title='bbox 1622 2130 1834 2207; x_wconf 86' lang='lat' dir='ltr'><strong>gentis,</strong></span> <span class='ocrx_word' id='word_1_143' title='bbox 1875 2148 2058 2206; x_wconf 89' lang='lat' dir='ltr'><strong>quum</strong></span> 
     </span>
    </p>
   </div>
   <div class='ocr_carea' id='block_1_3' title="bbox 274 2222 2108 2304">
    <p class='ocr_par' dir='ltr' id='par_1_5' title="bbox 274 2222 2108 2304">
     <span class='ocr_line' id='line_1_21' title="bbox 274 2222 2108 2304; baseline 0 -22"><span class='ocrx_word' id='word_1_144' title='bbox 274 2243 336 2282; x_wconf 89' lang='lat' dir='ltr'><strong>se</strong></span> <span class='ocrx_word' id='word_1_145' title='bbox 377 2222 727 2299; x_wconf 84' lang='lat' dir='ltr'><strong>iunxissent,</strong></span> <span class='ocrx_word' id='word_1_146' title='bbox 777 2226 1076 2285; x_wconf 88' lang='lat' dir='ltr'><strong>concitant</strong></span> <span class='ocrx_word' id='word_1_147' title='bbox 1129 2227 1500 2304; x_wconf 70' lang='lat' dir='ltr'><strong>CarpetanOS,</strong></span> <span class='ocrx_word' id='word_1_148' title='bbox 1543 2226 1849 2303; x_wconf 86' lang='lat' dir='ltr'><strong>adortique</strong></span> <span class='ocrx_word' id='word_1_149' title='bbox 1891 2225 2059 2287; x_wconf 88' lang='lat' dir='ltr'><strong>Han-</strong></span> <span class='ocrx_word' id='word_1_150' title='bbox 2081 2241 2108 2282; x_wconf 81' lang='lat' dir='ltr'><strong>s</strong></span> 
     </span>
    </p>
   </div>
   <div class='ocr_carea' id='block_1_4' title="bbox 175 2322 2058 2401">
    <p class='ocr_par' dir='ltr' id='par_1_6' title="bbox 175 2322 2058 2401">
     <span class='ocr_line' id='line_1_22' title="bbox 175 2322 2058 2401; baseline 0.001 -22"><span class='ocrx_word' id='word_1_151' title='bbox 175 2357 183 2365; x_wconf 94' lang='lat'>-</span> <span class='ocrx_word' id='word_1_152' title='bbox 272 2322 528 2380; x_wconf 86' lang='lat' dir='ltr'><strong>nibalem</strong></span> <span class='ocrx_word' id='word_1_153' title='bbox 564 2342 887 2399; x_wconf 86' lang='lat' dir='ltr'><strong>regressum</strong></span> <span class='ocrx_word' id='word_1_154' title='bbox 926 2343 1004 2382; x_wconf 82' lang='lat' dir='ltr'><strong>ex</strong></span> <span class='ocrx_word' id='word_1_155' title='bbox 1027 2323 1290 2382; x_wconf 76' lang='lat' dir='ltr'><strong>Vacoeeis</strong></span> <span class='ocrx_word' id='word_1_156' title='bbox 1329 2325 1488 2383; x_wconf 86' lang='lat' dir='ltr'><strong>haud</strong></span> <span class='ocrx_word' id='word_1_157' title='bbox 1526 2323 1728 2401; x_wconf 88' lang='lat' dir='ltr'><strong>procul</strong></span> <span class='ocrx_word' id='word_1_158' title='bbox 1765 2322 1922 2400; x_wconf 84' lang='lat' dir='ltr'><strong>Tago</strong></span> <span class='ocrx_word' id='word_1_159' title='bbox 1953 2322 2058 2380; x_wconf 84' lang='lat' dir='ltr'><strong>flu-</strong></span> 
     </span>
    </p>
   </div>
   <div class='ocr_carea' id='block_1_5' title="bbox 266 2418 2128 3368">
    <p class='ocr_par' dir='ltr' id='par_1_7' title="bbox 266 2418 2128 3368">
     <span class='ocr_line' id='line_1_23' title="bbox 271 2418 2058 2499; baseline 0.001 -22"><span class='ocrx_word' id='word_1_160' title='bbox 271 2421 447 2494; x_wconf 89' lang='lat' dir='ltr'><strong>mine,</strong></span> <span class='ocrx_word' id='word_1_161' title='bbox 468 2439 676 2497; x_wconf 86' lang='lat' dir='ltr'><strong>agmen</strong></span> <span class='ocrx_word' id='word_1_162' title='bbox 700 2441 880 2498; x_wconf 79' lang='lat' dir='ltr'><strong>grave</strong></span> <span class='ocrx_word' id='word_1_163' title='bbox 904 2422 1098 2499; x_wconf 76' lang='lat' dir='ltr'><strong>praeda</strong></span> <span class='ocrx_word' id='word_1_164' title='bbox 1123 2422 1454 2482; x_wconf 80' lang='lat' dir='ltr'><strong>turbavere.</strong></span> <span class='ocrx_word' id='word_1_165' title='bbox 1520 2419 1827 2479; x_wconf 89' lang='lat' dir='ltr'><strong>Hannibal</strong></span> <span class='ocrx_word' id='word_1_166' title='bbox 1852 2418 2058 2497; x_wconf 84' lang='lat' dir='ltr'><strong>proelio</strong></span> 
     </span>
     <span class='ocr_line' id='line_1_24' title="bbox 270 2515 2052 2596; baseline 0.003 -23"><span class='ocrx_word' id='word_1_167' title='bbox 270 2515 574 2590; x_wconf 80' lang='lat' dir='ltr'><strong>abstinuit,</strong></span> <span class='ocrx_word' id='word_1_168' title='bbox 614 2517 932 2595; x_wconf 84' lang='lat' dir='ltr'><strong>castrisque</strong></span> <span class='ocrx_word' id='word_1_169' title='bbox 972 2538 1147 2596; x_wconf 82' lang='lat' dir='ltr'><strong>super</strong></span> <span class='ocrx_word' id='word_1_170' title='bbox 1180 2518 1371 2596; x_wconf 85' lang='lat' dir='ltr'><strong>ripam</strong></span> <span class='ocrx_word' id='word_1_171' title='bbox 1405 2518 1631 2596; x_wconf 86' lang='lat' dir='ltr'><strong>positis,</strong></span> <span class='ocrx_word' id='word_1_172' title='bbox 1658 2537 1840 2595; x_wconf 90' lang='lat' dir='ltr'><strong>quum</strong></span> <span class='ocrx_word' id='word_1_173' title='bbox 1865 2516 2052 2594; x_wconf 85' lang='lat' dir='ltr'><strong>prima</strong></span> 
     </span>
     <span class='ocr_line' id='line_1_25' title="bbox 270 2614 2058 2691; baseline 0.001 -20"><span class='ocrx_word' id='word_1_174' title='bbox 270 2614 437 2690; x_wconf 90' lang='lat' dir='ltr'><strong>quies</strong></span> <span class='ocrx_word' id='word_1_175' title='bbox 469 2614 884 2691; x_wconf 90' lang='lat' dir='ltr'><strong>silentiumque</strong></span> <span class='ocrx_word' id='word_1_176' title='bbox 919 2616 995 2673; x_wconf 89' lang='lat' dir='ltr'><strong>ab</strong></span> <span class='ocrx_word' id='word_1_177' title='bbox 1030 2616 1297 2674; x_wconf 87' lang='lat' dir='ltr'><strong>hostibus</strong></span> <span class='ocrx_word' id='word_1_178' title='bbox 1331 2615 1463 2689; x_wconf 83' lang='lat' dir='ltr'><strong>fuit,</strong></span> <span class='ocrx_word' id='word_1_179' title='bbox 1493 2635 1725 2674; x_wconf 85' lang='lat' dir='ltr'><strong>amnem</strong></span> <span class='ocrx_word' id='word_1_180' title='bbox 1754 2615 1907 2673; x_wconf 79' lang='lat' dir='ltr'><strong>vado</strong></span> <span class='ocrx_word' id='word_1_181' title='bbox 1940 2619 2058 2673; x_wconf 87' lang='lat' dir='ltr'><strong>tra·</strong></span> 
     </span>
     <span class='ocr_line' id='line_1_26' title="bbox 269 2711 2053 2790; baseline 0.002 -22"><span class='ocrx_word' id='word_1_182' title='bbox 269 2711 425 2785; x_wconf 88' lang='lat' dir='ltr'><strong>iecit,</strong></span> <span class='ocrx_word' id='word_1_183' title='bbox 455 2711 725 2788; x_wconf 80' lang='lat' dir='ltr'><strong>valloque</strong></span> <span class='ocrx_word' id='word_1_184' title='bbox 750 2711 839 2770; x_wconf 87' lang='lat' dir='ltr'><strong>ita</strong></span> <span class='ocrx_word' id='word_1_185' title='bbox 863 2712 1164 2789; x_wconf 87' lang='lat' dir='ltr'><strong>producto,</strong></span> <span class='ocrx_word' id='word_1_186' title='bbox 1197 2723 1268 2771; x_wconf 83' lang='lat' dir='ltr'><strong>ut</strong></span> <span class='ocrx_word' id='word_1_187' title='bbox 1292 2712 1485 2772; x_wconf 88' lang='lat' dir='ltr'><strong>locum</strong></span> <span class='ocrx_word' id='word_1_188' title='bbox 1521 2714 1595 2771; x_wconf 91' lang='lat' dir='ltr'><strong>ad</strong></span> <span class='ocrx_word' id='word_1_189' title='bbox 1628 2712 2053 2790; x_wconf 86' lang='lat' dir='ltr'><strong>transgredien-</strong></span> 
     </span>
     <span class='ocr_line' id='line_1_27' title="bbox 269 2809 2050 2882; baseline 0.003 -16"><span class='ocrx_word' id='word_1_190' title='bbox 269 2809 411 2867; x_wconf 88' lang='lat' dir='ltr'><strong>dum</strong></span> <span class='ocrx_word' id='word_1_191' title='bbox 436 2809 633 2868; x_wconf 89' lang='lat' dir='ltr'><strong>hostes</strong></span> <span class='ocrx_word' id='word_1_192' title='bbox 658 2809 958 2882; x_wconf 86' lang='lat' dir='ltr'><strong>haberent,</strong></span> <span class='ocrx_word' id='word_1_193' title='bbox 988 2809 1267 2869; x_wconf 78' lang='lat' dir='ltr'><strong>invadere</strong></span> <span class='ocrx_word' id='word_1_194' title='bbox 1297 2830 1395 2870; x_wconf 87' lang='lat' dir='ltr'><strong>eos</strong></span> <span class='ocrx_word' id='word_1_195' title='bbox 1428 2817 1797 2869; x_wconf 76' lang='lat' dir='ltr'><strong>tmnseuntes</strong></span> <span class='ocrx_word' id='word_1_196' title='bbox 1823 2811 2050 2872; x_wconf 87' lang='lat' dir='ltr'><strong>statuit.</strong></span> 
     </span>
     <span class='ocr_line' id='line_1_28' title="bbox 269 2905 2128 2985; baseline 0.001 -22"><span class='ocrx_word' id='word_1_197' title='bbox 269 2906 585 2982; x_wconf 85' lang='lat' dir='ltr'><strong>Equitibus</strong></span> <span class='ocrx_word' id='word_1_198' title='bbox 629 2905 921 2983; x_wconf 76' lang='lat' dir='ltr'><strong>praecepit,</strong></span> <span class='ocrx_word' id='word_1_199' title='bbox 963 2911 1050 2980; x_wconf 88' lang='lat' dir='ltr'><strong>ut,</strong></span> <span class='ocrx_word' id='word_1_200' title='bbox 1092 2925 1279 2983; x_wconf 91' lang='lat' dir='ltr'><strong>quum</strong></span> <span class='ocrx_word' id='word_1_201' title='bbox 1323 2907 1612 2985; x_wconf 87' lang='lat' dir='ltr'><strong>ingressos</strong></span> <span class='ocrx_word' id='word_1_202' title='bbox 1650 2925 1863 2983; x_wconf 87' lang='lat' dir='ltr'><strong>aquam</strong></span> <span class='ocrx_word' id='word_1_203' title='bbox 1895 2906 2053 2965; x_wconf 84' lang='lat' dir='ltr'><strong>vide-</strong></span> <span class='ocrx_word' id='word_1_204' title='bbox 2079 2926 2128 2954; x_wconf 79' lang='grc' dir='ltr'><strong>ιο</strong></span> 
     </span>
     <span class='ocr_line' id='line_1_29' title="bbox 267 3002 2053 3093; baseline 0.002 -34"><span class='ocrx_word' id='word_1_205' title='bbox 267 3007 415 3074; x_wconf 89' lang='lat' dir='ltr'><strong>rent,</strong></span> <span class='ocrx_word' id='word_1_206' title='bbox 439 3002 811 3061; x_wconf 86' lang='lat' dir='ltr'><strong>adorirentur</strong></span> <span class='ocrx_word' id='word_1_207' title='bbox 829 3002 1177 3079; x_wconf 85' lang='lat' dir='ltr'><strong>impeditum</strong></span> <span class='ocrx_word' id='word_1_208' title='bbox 1198 3023 1443 3080; x_wconf 89' lang='lat' dir='ltr'><strong>agmen,</strong></span> <span class='ocrx_word' id='word_1_209' title='bbox 1429 3025 1443 3040; x_wconf 89' lang='lat'><strong>·</strong></span> <span class='ocrx_word' id='word_1_210' title='bbox 1478 3003 1545 3062; x_wconf 91' lang='lat' dir='ltr'><strong>in</strong></span> <span class='ocrx_word' id='word_1_211' title='bbox 1564 3003 1693 3093; x_wconf 79' lang='lat' dir='ltr'><strong>ripa</strong></span> <span class='ocrx_word' id='word_1_212' title='bbox 1712 3003 2053 3080; x_wconf 83' lang='lat' dir='ltr'><strong>elephantos</strong></span> 
     </span>
     <span class='ocr_line' id='line_1_30' title="bbox 271 3096 2123 3180; baseline 0.001 -24"><span class='ocrx_word' id='word_1_213' title='bbox 271 3096 683 3176; x_wconf 87' lang='lat' dir='ltr'><strong>(quadraginta</strong></span> <span class='ocrx_word' id='word_1_214' title='bbox 726 3104 924 3157; x_wconf 88' lang='lat' dir='ltr'><strong>autem</strong></span> <span class='ocrx_word' id='word_1_215' title='bbox 971 3098 1164 3180; x_wconf 88' lang='lat' dir='ltr'><strong>erant)</strong></span> <span class='ocrx_word' id='word_1_216' title='bbox 1215 3100 1488 3178; x_wconf 87' lang='lat' dir='ltr'><strong>disponit.</strong></span> <span class='ocrx_word' id='word_1_217' title='bbox 1593 3100 2097 3176; x_wconf 71' lang='lat' dir='ltr'><strong>Carpetanorum1</strong></span> <span class='ocrx_word' id='word_1_218' title='bbox 2078 3125 2123 3152; x_wconf 82' lang='grc' dir='ltr'><strong>ιι</strong></span> 
     </span>
     <span class='ocr_line' id='line_1_31' title="bbox 266 3194 2053 3296; baseline 0.001 -43"><span class='ocrx_word' id='word_1_219' title='bbox 266 3215 401 3253; x_wconf 85' lang='lat' dir='ltr'><strong>cum</strong></span> <span class='ocrx_word' id='word_1_220' title='bbox 438 3195 853 3274; x_wconf 85' lang='lat' dir='ltr'><strong>appendicibus</strong></span> <span class='ocrx_word' id='word_1_221' title='bbox 894 3196 1177 3255; x_wconf 89' lang='lat' dir='ltr'><strong>Olcadum</strong></span> <span class='ocrx_word' id='word_1_222' title='bbox 1217 3194 1617 3259; x_wconf 78' lang='lat' dir='ltr'><strong>Vaocaeomm-</strong></span> <span class='ocrx_word' id='word_1_223' title='bbox 1652 3208 1826 3294; x_wconf 39' lang='grc' dir='ltr'><strong>ἕξω</strong></span> <span class='ocrx_word' id='word_1_224' title='bbox 1774 3208 1948 3295; x_wconf 49' lang='lat' dir='ltr'><strong>cra-2110}</strong></span> <span class='ocrx_word' id='word_1_225' title='bbox 1979 3210 2053 3296; x_wconf 47' lang='grc' dir='ltr'><strong>εἷς</strong></span> 
     </span>
     <span class='ocr_line' id='line_1_32' title="bbox 266 3293 1879 3368; baseline -0.001 -17"><span class='ocrx_word' id='word_1_226' title='bbox 266 3313 381 3368; x_wconf 92' lang='lat' dir='ltr'><strong>que</strong></span> <span class='ocrx_word' id='word_1_227' title='bbox 413 3299 652 3353; x_wconf 88' lang='lat' dir='ltr'><strong>centum</strong></span> <span class='ocrx_word' id='word_1_228' title='bbox 685 3293 872 3351; x_wconf 87' lang='lat' dir='ltr'><strong>millia</strong></span> <span class='ocrx_word' id='word_1_229' title='bbox 902 3294 1082 3368; x_wconf 88' lang='lat' dir='ltr'><strong>fuere,</strong></span> <span class='ocrx_word' id='word_1_230' title='bbox 1110 3294 1334 3352; x_wconf 85' lang='lat' dir='ltr'><strong>invicta</strong></span> <span class='ocrx_word' id='word_1_231' title='bbox 1366 3293 1530 3367; x_wconf 89' lang='lat' dir='ltr'><strong>acies,</strong></span> <span class='ocrx_word' id='word_1_232' title='bbox 1561 3293 1612 3351; x_wconf 91' lang='lat' dir='ltr'><strong>si</strong></span> <span class='ocrx_word' id='word_1_233' title='bbox 1653 3300 1879 3350; x_wconf 64' lang='lat' dir='ltr'><strong>carpetam</strong></span> 
     </span>
    </p>
   </div>
   <div class='ocr_carea' id='block_1_6' title="bbox 265 3390 2125 3470">
    <p class='ocr_par' dir='ltr' id='par_1_8' title="bbox 265 3390 2125 3470">
     <span class='ocr_line' id='line_1_33' title="bbox 265 3390 2125 3470; baseline 0.001 -20"><span class='ocrx_word' id='word_1_234' title='bbox 265 3409 430 3469; x_wconf 84' lang='lat' dir='ltr'><strong>aequo</strong></span> <span class='ocrx_word' id='word_1_235' title='bbox 456 3391 832 3449; x_wconf 84' lang='lat' dir='ltr'><strong>dimicaretur</strong></span> <span class='ocrx_word' id='word_1_236' title='bbox 856 3410 1075 3470; x_wconf 88' lang='lat' dir='ltr'><strong>campo.</strong></span> <span class='ocrx_word' id='word_1_237' title='bbox 1159 3391 1373 3469; x_wconf 84' lang='lat' dir='ltr'><strong>Itaque</strong></span> <span class='ocrx_word' id='word_1_238' title='bbox 1400 3397 1461 3450; x_wconf 91' lang='lat' dir='ltr'><strong>et</strong></span> <span class='ocrx_word' id='word_1_239' title='bbox 1485 3390 1720 3467; x_wconf 83' lang='lat' dir='ltr'><strong>ingenio</strong></span> <span class='ocrx_word' id='word_1_240' title='bbox 1745 3391 1962 3451; x_wconf 86' lang='lat' dir='ltr'><strong>feroces</strong></span> <span class='ocrx_word' id='word_1_241' title='bbox 1990 3397 2052 3450; x_wconf 88' lang='lat' dir='ltr'><strong>et</strong></span> <span class='ocrx_word' id='word_1_242' title='bbox 2078 3417 2125 3445; x_wconf 68' lang='grc' dir='ltr'><strong>ιο</strong></span> 
     </span>
    </p>
   </div>
  </div>
 </body>
</html>
