2375 3842
334 257 447 316 136
966 296 971 302 ‚
1112 255 1337 317 LIVII

327 407 514 466 sciens
539 406 696 481 fallo,
723 412 854 464 tum
881 423 992 477 me,
1012 401 1288 481 Iuppiter
1312 403 1533 481 optime
1557 400 1828 473 maxime,
1853 401 2109 473 domum,

253 526 298 551 ¹2
326 503 609 561 familiam
634 521 873 578 remque
898 520 1088 559 meam
1119 501 1370 577 pessimo
1405 500 1526 558 leto
1561 498 1787 556 afficias.
1819 483 1852 607 Ι
1874 498 1953 556 In
1988 498 2111 557 haec

326 599 520 672 verba,
558 598 626 658 L.
667 598 879 670 Caecili,
908 591 1067 656 iures
1104 596 1338 675 postulo
1380 596 1689 674 ceterique,
1734 613 1839 672 qui
1877 595 2104 653 adestis.

326 696 443 766 Qui
480 716 603 754 non
642 697 943 771 iuraverit,
971 697 1038 753 in
1078 716 1140 755 se
1179 696 1338 754 hunc
1375 695 1637 773 gladium
1675 695 1948 753 strictum
1988 714 2111 755 esse

251 818 296 853 ¹3
322 793 521 855 sciat.'’
603 795 788 854 Haud
814 814 978 853 secus
1007 794 1226 872 pavidi,
1257 812 1433 871 quam
1469 792 1523 851 si
1555 794 1838 851 victorem
1876 793 2110 852 Hanni-

322 890 514 949 balem
540 898 859 966 cernerent,
886 892 1090 950 iurant
1124 910 1325 950 omnes
1360 891 1879 967 custodiendosque
1920 897 2105 949 semet

96 1003 277 1094 Lm
321 988 476 1064 ipsos
503 988 763 1067 Scipioni
788 989 1048 1048 tradunt.

218 1073 331 1191 59
440 1086 530 1144 Eo
554 1093 830 1164 tempore,
860 1106 978 1165 quo
1003 1087 1125 1144 haec
1153 1084 1395 1144 Canusii
1419 1086 1757 1162 agebantur,
1776 1086 2105 1147 ‘Venusiam

317 1199 611 1286 gamm-{uz
636 1200 718 1284 ἐξ
756 1180 831 1237 ad
857 1179 1152 1237 consulem
1187 1180 1261 1236 ad
1298 1185 1579 1256 quattuor
1613 1180 1801 1239 millia
1839 1188 1901 1240 et
1939 1183 2106 1260 quin-

316 1303 345 1330 n
457 1292 592 1339 rejoin
611 1292 718 1331 then-
755 1277 918 1353 genti
944 1275 1168 1353 pedites
1202 1277 1556 1352 equitesque,
1594 1275 1701 1354 qui
1741 1280 1925 1354 sparsi
1963 1278 2104 1356 fuga

266 1402 288 1428 ο
315 1338 532 1431 ῗιῗιὲιιᾞθζι
556 1341 604 1378 ⁸⁸
641 1338 717 1377 α’
753 1392 859 1449 per
884 1391 1051 1449 agros
1077 1373 1330 1443 fuerant,
1358 1392 1692 1450 pervenere.
1735 1375 1877 1434 Eos
1903 1395 2103 1435 omnes

316 1468 613 1527 Venusini
637 1488 743 1546 per
769 1470 1298 1545 familias-benigne
1319 1470 1682 1545 accipiendos
1700 1473 2102 1550 curandosque

315 1584 495 1641 quum
531 1565 885 1639 divisissent,
914 1565 980 1623 in
1015 1565 1276 1643 singulos
1312 1566 1537 1643 equites
1572 1572 1736 1643 togas
1772 1573 1834 1626 et
1871 1569 2102 1627 tunicas

313 1669 374 1720 et
400 1663 772 1740 quadrigatos
797 1682 1067 1721 nummos
1093 1664 1304 1740 quinos
1330 1664 1581 1732 vicenos,
1604 1670 1665 1722 et
1689 1664 1878 1741 pediti
1900 1666 2096 1740 denoS,

146 1759 161 1784 ’·
262 1791 284 1826 3
314 1768 374 1817 et
407 1779 586 1832 arma,
627 1760 839 1836 quibus
880 1761 1135 1834 deerant,
1175 1761 1479 1833 dederunt,
1520 1767 1827 1838 ceteraque
1865 1763 2101 1840 publice

311 1876 378 1915 ac
417 1857 698 1936 privatim
737 1857 1104 1934 hospitaliter
1142 1857 1300 1916 facta
1338 1863 1754 1935 certatumque,
1793 1878 1868 1916 ne
1904 1880 1941 1917 a
1973 1879 2098 1918 mu-

309 1954 451 2013 liere
495 1954 793 2013 Canusina
831 1954 1080 2032 populus
1113 1953 1460 2013 Venusinus
1500 1955 1703 2014 officiis
1741 1958 2088 2016 vinceretur.

70 2087 147 2169 h
199 2076 282 2158 n*
312 2052 426 2110 Sed
450 2051 687 2129 gravius
714 2071 862 2110 onus
891 2051 1061 2109 Busae
1087 2051 1407 2110 multitudo
1438 2052 1689 2111 faciebat
1707 2073 1726 2126 3
1767 2060 1828 2112 et
1863 2055 1983 2111 iam
2018 2055 2095 2113 ad

101 2193 153 2258 7
170 2137 283 2236 ζῇ
309 2149 506 2207 decem
557 2149 745 2206 millia
797 2148 1104 2206 hominum
1157 2154 1345 2222 erant,
1395 2150 1746 2227 Appiusque
1793 2156 1855 2208 et
1897 2151 2094 2229 Scipio

102 2241 177 2347 ‘3
202 2285 238 2334 Α
252 2254 616 2333 υΡοεί-,ᾳιιεω
664 2246 1016 2304 incolumem
1061 2265 1187 2305 esse
1233 2246 1482 2304 alterum
1526 2247 1823 2305 consulem
1869 2268 2093 2326 accepe-

142 2400 161 2436 λ,
216 2349 464 2436 nrunt,
489 2343 769 2402 nuntium
806 2343 1098 2421 extemplo
1134 2343 1401 2417 mittunt,
1432 2349 1665 2419 quantae
1702 2364 1895 2403 secum
1935 2347 2093 2422 pedi-

158 2469 165 2476 *
222 2473 235 2480 -
292 2448 437 2526 &tum
481 2441 862 2518 equitumque
908 2441 1086 2517 copiae
1127 2446 1337 2514 essent,
1385 2440 1856 2518 sciscitatumque
1896 2443 2088 2516 simul,

22 2545 71 2664 ᾗ
108 2515 189 2614 ᾳ,
202 2511 235 2576 ⁸5
272 2517 281 2532 ‘
305 2546 505 2596 utrum
531 2536 859 2596 Venusiam
885 2537 1097 2624 adduci
1124 2537 1448 2595 exercitum
1475 2556 1547 2594 an
1588 2556 1822 2595 manere
1859 2537 2091 2597 iuberet

254 2652 280 2689 ⁶
307 2633 564 2693 Canusii.
647 2633 844 2691 Varro
890 2634 1016 2710 ipse
1067 2633 1388 2692 Canusium
1434 2634 1628 2710 copias
1669 2634 1971 2709 traduxit3
2027 2642 2091 2694 et

32 2695 71 2766 ‘2
96 2717 151 2768 ’ἦ
191 2700 247 2767 s
304 2733 421 2787 iam
448 2730 645 2806 aliqua
671 2731 890 2807 species
928 2730 1249 2788 consularis
1285 2730 1576 2788 exercitus
1615 2736 1742 2788 erat
1780 2733 2090 2789 moenibus-

44 2799 120 2954 ΛΞ·
138 2803 249 2866 5⁸5⁵
303 2846 416 2903 que
442 2847 503 2885 se
528 2833 700 2898 certe,
731 2826 783 2884 si
807 2846 929 2884 non
960 2826 1153 2901 armis,
1193 2826 1269 2885 ab
1305 2826 1473 2885 hoste
1508 2826 1863 2886 videbantur
1897 2829 2089 2886 defen·

106 2909 121 2930 Ι

300 2943 438 2984 suri.
486 2981 509 2986 ,

18 3093 33 3100 „
62 2993 73 3008 Ι
96 3013 105 3026 ’
142 3095 161 3112 f
202 3081 227 3110 ,ι
251 3056 276 3094 ⁷
419 3022 671 3081 Romam
698 3040 773 3078 ne
803 3020 909 3078 has
944 3020 1182 3097 quidem
1211 3019 1499 3096 'reliquias
1536 3038 1830 3096 superesse
1866 3019 2086 3080 civium

30 3175 39 3184 .
94 3161 105 3180 ·
198 3117 221 3131 '⁹
299 3115 711 3208 ‘rhopanxcafflomos
738 3107 1156 3194 sociorumque,
1191 3116 1295 3175 sed
1331 3116 1625 3175 occidione
1660 3118 1914 3175 occisum
1949 3138 2086 3178 cum

299 3217 382 3247 '⁷⁸⁸
396 3205 683 3254 ”nmffl‘d‘
739 3215 966 3272 duobus
1008 3213 1338 3272 consulibus
1380 3213 1705 3271 exercitum
1750 3214 2086 3293 deletasque

246 3337 273 3378 s
301 3330 499 3370 omnes
545 3312 739 3389 copias
784 3312 1029 3370 allatum
1070 3310 1276 3368 fuerat.
1371 3309 1694 3387 Nunquam
1733 3311 1898 3369 salva
1936 3314 2084 3373 urbe

300 3415 533 3466 tantum
586 3408 819 3487 pavoris
870 3407 1276 3483 tumultusque
1328 3406 1488 3465 intra
1539 3407 1752 3466 moenia
1811 3408 2083 3468 Romana
