2375 3842
333 262 408 321 36
1105 262 1201 322 LI
1209 265 1334 324 VII

283 422 309 460 ⁶
333 407 490 485 Equi
512 409 765 469 maxime
786 410 1063 469 infestum
1083 430 1300 487 agmen
1323 411 1626 505 faeiebant,
1646 410 1750 487 qui
1769 411 2103 471 etolamori-

331 505 442 563 bus
477 504 738 577 dissonis,
769 524 914 583 quos
945 526 1182 566 nemora
1209 508 1395 567 etiam
1433 525 1887 584 repercussaeque
1919 508 2104 567 valles

246 624 315 711 ,ζ
331 601 637 677 augebant,
679 604 876 661 territi
913 603 1303 681 trepidabant,
1341 613 1404 663 et
1440 605 1546 663 icti
1582 604 1733 661 forte
1771 608 1878 662 aut
1902 604 2104 662 vulne-

178 682 271 778 ..νζ
332 698 448 755 rati
474 699 616 756 adeo
642 701 1182 775 consternabantur,
1214 705 1284 759 ut
1318 706 1572 775 stragem
1605 699 1900 776 ingentem
1924 700 2101 758 simul

78 788 219 876 N
270 819 305 857 *ι
330 793 633 853 hominum
658 813 725 853 ao
758 795 1120 855 sarcinarum
1147 798 1337 857 omnis
1363 796 1600 874 generis
1624 797 1909 855 faeerent·
1893 796 2102 867 ,smul-

332 895 535 966 tosque
580 891 772 964 turba,
823 912 1007 969 quum
1051 893 1378 970 praecipites
1415 894 1784 969 deruptaeque
1823 892 2099 968 utrinque

329 970 844 1063 angustiabant,
873 989 939 1048 in
963 990 1313 1049 immensum
1337 989 1667 1048 altitudinis
1692 987 1914 1060 deiecit,
1936 1007 2100 1064 quos.

328 1083 465 1142 dam
506 1089 568 1143 et
606 1092 904 1159 armatos;
960 1086 1062 1146 sed
1106 1088 1293 1145 ruinae
1333 1085 1587 1145 maxime
1628 1085 1799 1143 modo
1836 1084 2099 1143 iumenta

280 1195 304 1234 8
329 1199 462 1239 oum
500 1182 774 1241 oneribus
815 1183 1295 1242 devolvebantur.
1386 1183 1528 1252 Quae
1569 1200 1901 1257 quanquam
1946 1181 2099 1240 foeda

327 1278 460 1337 v‘isu
501 1285 687 1353 erant,
727 1279 896 1340 stetit
932 1265 1247 1357 lia—rumpet
1281 1285 1480 1340 tamen
1518 1278 1824 1337 Hannibal
1860 1297 1929 1337 ao
1963 1296 2097 1336 suos

277 1400 304 1438 9
330 1375 638 1448 continuit,
665 1396 741 1435 ne
772 1379 1098 1437 tumultum
1123 1397 1194 1438 ao
1216 1377 1665 1454 trepidationem
1694 1380 1966 1451 augeret,
1952 1394 1966 1408 ·
2004 1375 2098 1432 de-

326 1471 479 1547 inde,
517 1480 827 1552 postquam
857 1475 1210 1552 interrumpi
1243 1494 1453 1551 agmen
1477 1473 1630 1533 vidit
1664 1471 2098 1551 periculumque

325 1587 464 1643 eme,
494 1590 569 1629 ne
603 1578 850 1631 exutum
887 1572 1322 1653 impedimentis
1355 1571 1675 1629 exereitum
1714 1569 2098 1646 nequicquam

324 1642 785 1727 ineolumemffl
710 1668 1087 1740 traduxisset,
1120 1666 1378 1726 decurrit
1418 1686 1493 1723 ex
1532 1665 1823 1740 superiore
1855 1665 1980 1722 loeo
2017 1670 2093 1736 et,

324 1749 802 1842 quffmpetu
783 1784 910 1842 ipso
937 1763 1182 1821 fudisset
1208 1762 1451 1832 hostem,
1482 1761 1603 1818 suis
1628 1779 1857 1836 quoque
1881 1761 2097 1819 tumul-

252 1881 302 1909 ιο
322 1871 450 1919 tum
477 1861 661 1922 auxit.
746 1860 905 1920 Sed
887 1879 940 1918 ιε
965 1843 1258 1917 tumultus
1293 1861 1588 1915 momento
1621 1856 1915 1934 temporis,
1945 1863 2097 1933 post-

322 1974 497 2031 quam
522 1957 769 2016 liberata
794 1956 1008 2015 itinera
1032 1955 1170 2029 fuga
1200 1958 1610 2011 montanorum
1636 1959 1820 2024 erant,
1842 1952 2094 2025 sedatur,

320 2071 428 2111 neo
479 2073 584 2129 per
618 2054 805 2111 otium
843 2051 1030 2122 mode,
1074 2050 1176 2108 sed
1221 2069 1401 2127 prope
1439 2049 1672 2108 silentio
1717 2068 1859 2109 mox
1895 2068 2096 2108 omnes

251 2171 296 2199 ιι
323 2149 594 2207 traducti.
679 2146 999 2205 Castellum
1049 2146 1204 2218 inde,
1262 2147 1418 2224 quod
1459 2153 1633 2223 eaput
1675 2146 1799 2204 eius
1842 2145 2095 2222 regionis

322 2262 418 2301 era
448 2242 829 2317 ,viculosque
862 2241 1254 2302 circumiectos
1293 2242 1468 2318 capit,
1507 2249 1568 2300 et
1606 2243 1835 2319 captivo
1874 2241 1994 2300 cibo
2028 2260 2095 2299 ao

321 2338 625 2414 pecoribus
663 2355 769 2413 per
808 2337 1069 2397 triduum
1108 2340 1431 2399 exereitum
1468 2340 1658 2411 aluit3
1696 2345 1775 2409 et,
1817 2339 1955 2416 quia
1987 2356 2094 2396 nee

321 2433 619 2491 montanis
656 2432 846 2508 primo
883 2435 1160 2531 perculsis
1191 2454 1302 2495 nee
1337 2435 1462 2495 loeo
1487 2454 1700 2512 magno
1724 2453 1894 2511 opere
1918 2435 2095 2510 impe-

297 2528 650 2605 [diebantur,
679 2508 1047 2605 aliquantum
1071 2549 1140 2589 eo
1165 2532 1365 2591 triduo
1387 2531 1498 2591 viae
1525 2531 1783 2591 confecit.

220 2620 300 2680 34
443 2622 806 2683 Perventum
842 2626 980 2684 inde
1019 2626 1095 2687 ad
1132 2627 1496 2707 frequentem
1534 2628 1853 2687 cultoribus
1892 2626 2091 2717 &hy-m,

660 2746 682 2767 ·
755 2725 828 2779 ut
877 2720 1037 2781 inter
1073 2728 1398 2796 montanos,
1438 2724 1733 2800 populum.
1824 2722 1923 2781 Ibi
1973 2740 2094 2783 non

756 2815 909 2878 bello
951 2823 1169 2894 aperto,
1211 2820 1311 2877 sed
1348 2820 1470 2879 suis
1508 2820 1751 2890 artibus,
1789 2816 1994 2876 fraude
2033 2823 2094 2875 et

273 2906 567 2982 ainsidiis,
608 2917 698 2971 est
736 2931 918 2990 prope
957 2913 1400 2975 circumventus.
1485 2915 1703 2990 Magno
1744 2920 1893 2971 natu
1937 2913 2093 2989 prin-

320 2788 370 2818 οι·
383 2777 659 2822 ambuseades.

322 3005 477 3081 cipes
515 3008 884 3069 castellorum
921 3016 1176 3070 oratores
1217 3013 1291 3069 ad
1319 3011 1567 3070 Poenum
1592 3010 1857 3082 veniunt,
1887 3009 2093 3067 alienis
2210 3059 2219 3066 .

318 3102 504 3176 malis,
560 3105 696 3165 utili
747 3108 1029 3186 exemplo,
1085 3107 1284 3167 doctos
1340 3112 1725 3165 memorantes
1775 3106 2093 3165 amicitiam

271 3228 297 3268 3
321 3184 493 3258 malle
517 3220 693 3279 quam
717 3204 842 3263 vim
867 3203 1123 3281 experiri
1148 3203 1499 3263 Poenorum:
1532 3203 1731 3281 itaque
1756 3203 2092 3274 0b9dienter

319 3291 600 3370 imperata
650 3298 946 3360 facturos.
999 3306 1386 3359 commeatum
1437 3299 1780 3377 itinerisque
1817 3299 1992 3357 duces
2031 3304 2092 3356 et

272 3414 299 3452 4
320 3388 396 3450 ad
433 3390 605 3452 fidem
647 3398 1058 3474 promissorum
1109 3396 1339 3457 obsides
1383 3397 1680 3475 acciperet.
1787 3394 2091 3455 Hannibal
