2375 3842
319 240 396 300 42
768 330 777 341 ‚
1098 236 1198 302 LI
1203 243 1289 302 VI
1284 243 1329 302 I

269 419 294 459 g
316 389 579 448 nondum
618 389 760 448 satis
799 389 942 461 noti,
969 391 1057 448 ita
1094 391 1217 449 iam
1254 391 1518 450 imbutus
1557 397 1803 470 uterque
1840 395 2095 471 quadam

315 488 700 544 admiratione
740 487 996 544 alterius,
1078 487 1241 545 Nam
1277 488 1633 547 Hannibalis
1671 496 1734 546 et
1774 493 1930 567 apud
1977 493 2096 550 Ro-

314 602 514 641 manos
553 583 673 641 iam
711 589 851 640 ante
890 583 1139 659 Sagunti
1175 585 1470 642 excidium
1510 586 1949 645 celeberrimum
1993 608 2104 646 no-

313 699 451 738 men
496 686 640 753 erat,
683 685 744 738 et
784 679 1114 756 Scipionem
1153 680 1461 739 Hannibal
1500 702 1569 740 eo
1613 683 1756 758 i'pso,
1800 685 1956 760 quod
1993 686 2095 742 ad·
2213 697 2350 783 &47⁴

311 795 512 836 versus
553 795 616 835 se
660 776 785 834 dux
825 776 1196 854 potissimum
1242 777 1428 835 lectus
1492 785 1660 851 aeset,
1716 786 2091 871 proestantem
2151 782 2202 823 ἒ*

263 902 289 942 9
310 875 506 932 virum
532 873 827 946 credebat;
854 879 916 932 et
933 880 1224 932 auxerant
1242 874 1402 933 inter
1419 893 1481 932 se
1501 875 1850 952 epimonem,
1875 877 2088 954 Scipio,

310 971 482 1047 quod,
511 970 793 1028 relictus
774 990 841 1027 m
867 969 1075 1043 Gallia,
1098 971 1308 1028 obvius
1332 971 1569 1031 fuerat’
1549 991 1617 1029 m
1641 972 1879 1031 Italiam
1905 979 2091 1032 trans·

308 1087 501 1145 gresso
523 1067 867 1139 Hannibali,
888 1066 1200 1126 Hannibal
1222 1072 1283 1125 et
1308 1072 1521 1125 conatu
1546 1072 1669 1125 tam
1696 1069 1903 1126 audaci
1928 1070 2091 1127 traii-

237 1194 286 1221 ιο
307 1210 399 1249 vim
429 1206 514 1249 ,M
543 1208 707 1248 m
743 1163 1081 1221 ciendarum
1106 1162 1355 1240 Alpium
1382 1169 1444 1221 et
1471 1165 1693 1223 effectu.
1764 1165 2088 1241 Occupavit

307 1256 479 1350 2¹,me
516 1255 600 1350 Ἓξ
632 1265 706 1340 3²·
743 1266 941 1318 tamen
980 1260 1173 1337 Scipio
1214 1259 1441 1318 Padum
1473 1261 1754 1334 traiicere,
1784 1266 1846 1319 et
1879 1261 1956 1318 ad
1993 1261 2087 1318 Ti-

307 1348 482 1388 T¹⁰¹¹¹¹¹⁵
741 1358 938 1416 einum
977 1376 1211 1420 amnem
1250 1358 1424 1415 motis
1477 1358 1697 1429 castris,
1746 1358 2084 1434 priusquam

307 1453 620 1512 educeret’
601 1473 666 1511 ιιι
692 1455 888 1526 aciem,
909 1453 1405 1512 adhortandorum
1428 1455 1684 1513 militum
1707 1474 1879 1513 causa
1903 1456 2084 1513 talem

306 1551 628 1609 orationem
653 1555 745 1607 est
771 1569 1022 1609 exorsus

205 1668 283 1726 40
429 1650 464 1680 “
481 1646 546 1704 Si
586 1665 720 1704 eum
766 1645 1101 1716 exercitum,
1143 1646 1375 1718 milites,
1421 1647 1723 1704 educerem
1764 1647 1830 1704 in
1880 1647 2079 1720 aciem,
2103 1678 2182 1760 w
2159 1636 2236 1707 Ψ

741 1760 913 1816 quem
939 1741 1004 1801 in
1032 1741 1227 1798 Gallia
1251 1760 1477 1799 mecum
1513 1742 1709 1814 habui,
1739 1744 2085 1818 supersedis-

305 1806 703 1899 shgpiwffiomgby
742 1856 864 1895 sem
889 1837 1050 1913 loqui
1073 1839 1231 1913 apud
1257 1855 1393 1907 vos;
1429 1837 1572 1913 quid
1602 1837 1758 1896 enim
1784 1822 2083 1896 adhortari

259 1898 282 1926 ²
305 1897 703 2034 ἓξξὲἔίὲἰέἶῡέἷῗι
739 1933 982 1990 referret
995 1937 1101 1990 aut
1120 1951 1216 1990 eos
1235 1932 1476 2008 equites,
1488 1933 1590 2009 qui
1611 1932 1936 2010 equitatum
1955 1934 2084 1991 hos-

304 2032 704 2127 {ohggffilngstffied
741 2029 896 2087 tium
918 2029 995 2086 ad
1023 2027 1377 2086 Rhodanum
1404 2028 1622 2086 flumen
1658 2029 1884 2105 egregie
1908 2030 2077 2088 vicis-

743 2130 887 2197 sent,
921 2131 1029 2182 aut
1065 2143 1162 2182 eas
1201 2124 1470 2201 legiones,
1512 2145 1646 2183 cum
1685 2127 1898 2202 quibus
1936 2127 2083 2203 fugi-

124 2296 133 2311 !
218 2270 263 2305 .·
306 2227 500 2280 entem
539 2222 696 2281 hunc
736 2222 929 2299 ipsum
970 2222 1197 2280 hostem
1241 2228 1473 2281 secutus
1525 2222 1942 2282 confessionem
1994 2243 2081 2282 ce-

144 2336 165 2363 x
200 2306 249 2377 ,Ψ
306 2320 498 2378 dentis
537 2339 605 2379 ac
645 2320 1024 2399 detjgctantis
1077 2324 1372 2378 certamen
1423 2339 1530 2396 pro
1571 2319 1818 2378 victoria
1862 2320 2082 2379 habui‘l

116 2434 139 2463 ι.
182 2404 225 2469 ”.
258 2452 283 2491 ³
306 2417 485 2476 Nunc
510 2417 649 2493 quia
673 2417 774 2474 ille
797 2416 1104 2489 exercitus,
1132 2415 1441 2492 Hispaniae
1476 2415 1790 2492 provinoiae
1811 2417 2077 2494 scriptuS,

305 2513 390 2571 ibi
429 2533 561 2570 cum
599 2513 782 2571 fratre
809 2511 914 2571 On.
946 2511 1213 2590 Scipione
1252 2513 1398 2570 meis
1433 2492 1708 2588 auspiciis
1743 2532 1869 2572 rem
1906 2513 2077 2588 gerit,

305 2609 411 2667 ubi
447 2629 584 2668 eum
621 2627 820 2684 gerere
856 2615 1093 2667 senatus
1126 2608 1494 2687 populusque
1532 2608 1836 2666 Romanus
1872 2607 2076 2677 voluit,

257 2744 284 2782 ⁴
306 2724 428 2782 ego,
480 2711 553 2762 ut
602 2703 897 2763 consulem
960 2704 1166 2762 ducem
1232 2705 1506 2762 adversus
1559 2702 1958 2762 Hannibalem
2010 2722 2079 2759 ac

307 2801 519 2860 Poenos
556 2799 862 2874 haberetis,
901 2800 1028 2878 ipse
1071 2819 1166 2858 me
1204 2800 1343 2859 huic
1387 2800 1722 2859 voluntario
1775 2798 2080 2857 certamini

307 2897 512 2969 obtuli,
540 2916 692 2955 novo
718 2897 1054 2974 imperatori
1079 2897 1238 2973 apud
1262 2916 1443 2955 novos
1458 2897 1675 2953 milites
1700 2914 1884 2972 pauca
1901 2895 2081 2953 verba

261 3034 286 3073 5
306 2995 568 3054 facienda
592 3000 748 3053 sunt.
829 2993 927 3052 Ne
951 3012 1133 3070 genus
1162 2993 1307 3051 belli
1341 3012 1489 3050 neve
1518 2992 1744 3050 hostem
1780 2988 2078 3067 ignoretis,

307 3111 440 3150 cum
464 3091 539 3149 iis
564 3096 656 3150 est
678 3090 862 3165 vobis,
879 3091 1109 3164 milites,
1140 3090 1536 3167 pugnandum,
1559 3107 1703 3165 quos
1728 3093 1886 3145 terra
1909 3087 2082 3145 mari-

309 3207 421 3264 que
434 3187 625 3264 priore
642 3187 797 3245 bello
814 3186 1055 3259 vicistiS,
1073 3205 1111 3243 a
1130 3185 1345 3263 quibus
1370 3185 1729 3261 stipendium
1744 3203 1851 3259 per
1865 3183 2081 3259 viginti

307 3301 490 3341 annos
523 3282 814 3359 exegistis,
842 3301 879 3340 a
912 3283 1125 3358 quibus
1161 3287 1334 3358 capta
1359 3280 1503 3338 belli
1540 3279 1781 3356 praemia
1816 3280 2078 3338 Siciliam

262 3398 377 3451 σεο
402 3378 731 3440 Sardiniam
753 3378 997 3440 habetis.
1080 3378 1217 3437 Erit
1249 3377 1436 3455 igitur
1458 3376 1526 3434 in
1549 3375 1661 3436 hoc
1686 3376 2003 3436 certamine
2027 3376 2081 3433 is

2238 1586 2294 1638 a*
