2375 3842
868 245 1135 306 LIBER
1180 244 1404 306 XXII.
1948 243 2026 306 83

235 397 415 464 retur,
442 394 767 468 pontesque
802 392 1204 451 rescinderent
1240 390 1593 450 fluminum:
1634 407 1743 465 pro
1777 386 1923 447 urbe
1957 405 2027 447 ac

237 489 546 566 penatibus
582 487 978 548 dimicandum
1011 507 1154 562 esse,
1191 488 1428 567 quando
1463 484 1704 545 Italiam
1732 483 1892 544 tueri
1927 503 2029 543 ne-

239 586 516 664 quissent.

354 682 664 743 Hannibal
689 688 849 742 recto
874 681 1087 741 itinere
1111 701 1220 760 per
1236 681 1555 742 Umbriam
1579 698 1768 757 usque
1791 678 1869 738 ad
1888 677 2030 757 Spo-
2051 677 2086 735 9

238 780 445 840 letium
482 780 663 841 venit
754 779 925 855 Inde,
969 799 1155 858 quum
1200 779 1585 857 perpopulato
1624 826 1834 868 m
1863 826 1971 867 mr
1999 837 2030 867 ι
2051 809 2074 835 2

239 897 373 955 agro
399 878 606 936 urbem
631 895 968 955 oppugnare
992 878 1234 953 adortus
1257 883 1427 950 esset,
1450 893 1586 936 cum
1624 873 1960 959 gmfffuffffk
1972 883 2029 913 ⁰¹¹

238 994 449 1052 magna
482 974 637 1033 caede
671 993 911 1033 suorum
945 974 1228 1052 repulsus,
1249 974 1586 1047 ,coniectans
1625 929 2028 1059 ξὲὴᾞωῖξῗ

241 1091 313 1130 ex
351 1070 527 1130 unius
566 1070 804 1130 coloniae
841 1071 1002 1130 haud
1033 1070 1307 1130 maoeimae
1340 1072 1585 1131 minime
1624 1058 1750 1098 “¹⁸⁸
1765 1057 1938 1098 Lm

239 1187 507 1246 prospere
532 1174 775 1228 tentatae
800 1168 1044 1242 viribus,
1073 1174 1298 1244 quanta
1330 1169 1513 1229 moles
1544 1170 1828 1231 Romanae
1864 1171 2029 1230 urbis

240 1272 406 1339 esset,
433 1267 499 1324 in
524 1285 730 1344 agrum
767 1265 1054 1325 Picenum
1084 1265 1305 1324 avertit
1337 1265 1468 1340 iter,
1499 1286 1619 1325 non
1646 1267 1813 1345 copia
1837 1268 2028 1326 solum
2052 1292 2074 1329 3

239 1363 426 1421 omnis
440 1363 670 1441 generis
688 1363 928 1440 frugum
947 1362 1361 1436 abundantem,
1391 1363 1495 1422 sed
1513 1364 1796 1423 refertum
1811 1364 2024 1442 praeda,

192 1450 203 1461 ’
238 1479 415 1538 quam
451 1460 633 1519 effuse
670 1461 831 1520 avidi
869 1466 1049 1538 atque
1093 1467 1331 1538 egentes
1365 1461 1689 1538 rapiebant.
1781 1460 1883 1520 Ibi
1922 1480 2030 1539 per
2051 1490 2077 1525 4

239 1556 364 1615 dies
401 1556 624 1635 aliquot
657 1557 876 1616 stativa
911 1557 1132 1631 habita,
1160 1557 1530 1636 refectusque
1563 1559 1733 1617 miles
1767 1557 2030 1618 hibernis

237 1652 551 1713 itineribus
601 1674 669 1714 ac
693 1653 944 1733 palustri
967 1654 1070 1714 via
1088 1655 1410 1733 proelioque
1436 1656 1622 1733 magis
1648 1656 1723 1715 ad
1750 1661 2027 1715 eventum

239 1752 491 1810 secundo
509 1771 688 1830 quam
713 1752 835 1811 levi
859 1759 966 1812 aut
983 1753 1145 1812 facili
1163 1752 1418 1813 affectus.
1488 1754 1619 1814 Ubi
1643 1737 1789 1814 satis
1814 1754 2029 1833 quietis
2052 1783 2075 1820 ⁵

238 1848 442 1907 datum
472 1850 669 1926 praeda
701 1869 769 1909 ac
802 1850 1282 1928 populationibus
1320 1852 1508 1929 magis
1548 1871 1726 1931 quam
1761 1853 1885 1911 otio
1922 1859 2029 1911 aut

237 1945 438 2023 requie
472 1947 881 2022 gaudentibus,
923 1947 1218 2024 profectus
1256 1947 1692 2008 Praetutianum
1730 1947 2029 2008 Hadrian-

238 2062 449 2119 umque
473 2063 695 2121 agrum,
725 2043 953 2102 Marsos
983 2045 1122 2103 inde
1150 2044 1639 2123 Marrucinosque
1665 2050 1727 2104 et
1752 2045 2031 2122 Pelignus

238 2140 509 2199 devastat
523 2140 790 2218 circaque
809 2141 1007 2218 Arpos
1026 2148 1089 2200 et
1109 2142 1416 2201 Luceriam
1441 2143 1771 2221 proximam
1789 2142 2031 2220 Apuliae

238 2236 550 2315 regionem.
637 2237 740 2296 On.
775 2238 1059 2296 Servilius
1098 2238 1318 2312 consul,
1361 2238 1592 2297 levibus
1629 2259 1750 2298 vano
1782 2259 2032 2347 tum
2053 2242 2078 2280 ⁶

237 2332 461 2410 proeliis
498 2352 634 2391 cum
673 2334 859 2393 Gallis
897 2335 1069 2395 factis
1111 2342 1174 2394 et
1218 2354 1339 2393 uno
1380 2334 1592 2412 oppido
1631 2350 1777 2391 Rome.

237 2429 487 2506 ignobili
520 2436 872 2508 expugnato,
899 2438 1212 2510 postquam
1251 2432 1325 2490 de
1363 2431 1595 2508 collegae
1623 2430 2032 2510 exercitusque

238 2526 395 2585 caede
422 2525 669 2601 audivit,
698 2527 818 2585 iam
842 2530 1131 2587 moenibus
1156 2527 1365 2606 patriae
1392 2533 1674 2602 metuens,
1703 2546 1781 2587 ne
1806 2529 2033 2588 abesset

239 2623 309 2681 in
333 2623 667 2682 discrimine
692 2630 971 2698 extremo,
1001 2626 1077 2683 ad
1099 2625 1305 2684 urbem
1332 2625 1449 2684 iter
1473 2625 1750 2688 intendit.

364 2720 434 2790 Q.
465 2720 683 2779 Fabius
703 2720 1006 2779 Maximus
1023 2721 1278 2780 dictator
1295 2721 1531 2797 iterum,
1560 2743 1677 2800 quo
1702 2722 1799 2782 die
1823 2723 2033 2801 magis·
2058 2753 2080 2791 ⁷

242 2823 468 2878 tratum
494 2818 650 2890 iniit,
676 2825 885 2877 vocato
911 2823 1136 2893 senatu,
1164 2820 1241 2877 ab
1268 2819 1381 2878 diis
1407 2839 1591 2892 orsus,
1632 2841 2034 2891 Ριωιιιιιαςιιιιπιιιι

244 2934 428 2991 quum
463 2916 788 2975 edocuisset
825 2920 1041 2992 patres,
1069 2915 1203 2993 plus
1238 2917 1597 2995 negligentia
1634 2889 1984 2983 mrum·
1994 2887 2040 2926 ot

243 3013 705 3072 caerimoniarum
728 3012 1240 3090 auspiciorumque
1270 3033 1452 3090 quam
1491 3014 1827 3072 temeritate
1858 3018 2038 3091 atque

242 3112 479 3171 inscitia
502 3120 805 3191 peccatum
840 3134 878 3173 a
915 3113 981 3172 O.
1011 3113 1306 3172 Flaminio
1347 3114 1584 3172 consule
1620 3131 1760 3186 esse,
1790 3131 2035 3190 quaeque

242 3208 479 3285 piacula
515 3209 618 3269 irae
657 3212 834 3271 deum
875 3216 1069 3270 essent
1104 3210 1264 3288 ipsos
1302 3211 1444 3268 deos
1467 3209 1851 3268 consulendos
1890 3229 2030 3285 esse,

243 3303 512 3381 pervicit,
562 3313 647 3380 ut,
694 3308 850 3384 quod
891 3327 1014 3366 non
1061 3308 1244 3367 ferme
1297 3307 1646 3379 decernitur,
1691 3306 1814 3366 nisi
1856 3325 2040 3384 quum
2061 3323 2086 3363 s

245 3405 421 3459 taetra
461 3403 722 3482 prodigia
759 3404 1038 3463 nuntiata
1080 3410 1241 3478 sunt,
1286 3403 1602 3463 decemviri
1637 3403 1819 3463 libros
1855 3402 2044 3480 Sibyl·

1692 3510 1859 3575 6—-2
