<?xml version="1.0" encoding="UTF-8"?>
<!DOCTYPE html PUBLIC "-//W3C//DTD XHTML 1.0 Transitional//EN"
    "http://www.w3.org/TR/xhtml1/DTD/xhtml1-transitional.dtd">
<html xmlns="http://www.w3.org/1999/xhtml" xml:lang="en" lang="en">
 <head>
  <title>
</title>
<meta http-equiv="Content-Type" content="text/html;charset=utf-8" />
  <meta name='ocr-system' content='tesseract 3.04.00' />
  <meta name='ocr-capabilities' content='ocr_page ocr_carea ocr_par ocr_line ocrx_word'/>
</head>
<body>
  <div class='ocr_page' id='page_1' title='image "./livybooksxxiand02capegoog_0198.png"; bbox 0 0 2375 3842; ppageno 0'>
   <div class='ocr_carea' id='block_1_1' title="bbox 333 236 1343 299">
    <p class='ocr_par' dir='ltr' id='par_1_1' title="bbox 333 236 1343 299">
     <span class='ocr_line' id='line_1_1' title="bbox 333 236 1343 299; baseline -0.003 0"><span class='ocrx_word' id='word_1_1' title='bbox 333 237 408 299; x_wconf 84' lang='lat'><strong>96</strong></span> <span class='ocrx_word' id='word_1_2' title='bbox 1114 236 1343 298; x_wconf 77' lang='lat' dir='ltr'><em>LIVII</em></span> 
     </span>
    </p>
   </div>
   <div class='ocr_carea' id='block_1_2' title="bbox 257 385 2124 2296">
    <p class='ocr_par' dir='ltr' id='par_1_2' title="bbox 279 385 2121 755">
     <span class='ocr_line' id='line_1_2' title="bbox 279 385 2120 465; baseline 0.003 -24"><span class='ocrx_word' id='word_1_3' title='bbox 279 401 305 441; x_wconf 87' lang='lat'><strong>6</strong></span> <span class='ocrx_word' id='word_1_4' title='bbox 331 388 542 465; x_wconf 85' lang='lat' dir='ltr'><strong>Itaque</strong></span> <span class='ocrx_word' id='word_1_5' title='bbox 560 393 633 446; x_wconf 92' lang='lat' dir='ltr'><strong>ut</strong></span> <span class='ocrx_word' id='word_1_6' title='bbox 654 386 1015 464; x_wconf 84' lang='lat' dir='ltr'><strong>improvidos</strong></span> <span class='ocrx_word' id='word_1_7' title='bbox 1029 385 1412 464; x_wconf 74' lang='lat' dir='ltr'><strong>incautosque</strong></span> <span class='ocrx_word' id='word_1_8' title='bbox 1438 386 1709 444; x_wconf 80' lang='lat' dir='ltr'><strong>universo</strong></span> <span class='ocrx_word' id='word_1_9' title='bbox 1736 386 1913 445; x_wconf 88' lang='lat' dir='ltr'><strong>simul</strong></span> <span class='ocrx_word' id='word_1_10' title='bbox 1940 387 2120 446; x_wconf 87' lang='lat' dir='ltr'><strong>effuso</strong></span> 
     </span>
     <span class='ocr_line' id='line_1_3' title="bbox 332 483 2116 564; baseline -0.003 -17"><span class='ocrx_word' id='word_1_11' title='bbox 332 495 551 547; x_wconf 88' lang='lat' dir='ltr'><strong>terrore</strong></span> <span class='ocrx_word' id='word_1_12' title='bbox 590 486 956 564; x_wconf 80' lang='lat' dir='ltr'><strong>opprimeret,</strong></span> <span class='ocrx_word' id='word_1_13' title='bbox 996 483 1246 542; x_wconf 85' lang='lat' dir='ltr'><strong>sublatis</strong></span> <span class='ocrx_word' id='word_1_14' title='bbox 1284 484 1512 542; x_wconf 83' lang='lat' dir='ltr'><strong>ancoris</strong></span> <span class='ocrx_word' id='word_1_15' title='bbox 1552 483 1630 540; x_wconf 81' lang='lat' dir='ltr'><strong>ad</strong></span> <span class='ocrx_word' id='word_1_16' title='bbox 1667 484 1896 541; x_wconf 89' lang='lat' dir='ltr'><strong>hostem</strong></span> <span class='ocrx_word' id='word_1_17' title='bbox 1933 484 2116 542; x_wconf 77' lang='lat' dir='ltr'><strong>vadit.</strong></span> 
     </span>
     <span class='ocr_line' id='line_1_4' title="bbox 330 581 2117 660; baseline -0.001 -18"><span class='ocrx_word' id='word_1_18' title='bbox 330 584 558 642; x_wconf 82' lang='lat' dir='ltr'><strong>Multas</strong></span> <span class='ocrx_word' id='word_1_19' title='bbox 604 589 666 642; x_wconf 89' lang='lat' dir='ltr'><strong>et</strong></span> <span class='ocrx_word' id='word_1_20' title='bbox 706 582 848 641; x_wconf 87' lang='lat' dir='ltr'><strong>locis</strong></span> <span class='ocrx_word' id='word_1_21' title='bbox 893 581 1030 641; x_wconf 85' lang='lat' dir='ltr'><strong>altis</strong></span> <span class='ocrx_word' id='word_1_22' title='bbox 1074 582 1294 660; x_wconf 88' lang='lat' dir='ltr'><strong>positas</strong></span> <span class='ocrx_word' id='word_1_23' title='bbox 1345 587 1540 640; x_wconf 86' lang='lat' dir='ltr'><strong>turres</strong></span> <span class='ocrx_word' id='word_1_24' title='bbox 1588 581 1886 659; x_wconf 80' lang='lat' dir='ltr'><strong>Hispania.</strong></span> <span class='ocrx_word' id='word_1_25' title='bbox 1921 581 2117 654; x_wconf 87' lang='lat' dir='ltr'><strong>habet,</strong></span> 
     </span>
     <span class='ocr_line' id='line_1_5' title="bbox 331 677 2121 755; baseline -0.001 -19"><span class='ocrx_word' id='word_1_26' title='bbox 331 680 543 755; x_wconf 90' lang='lat' dir='ltr'><strong>quibus</strong></span> <span class='ocrx_word' id='word_1_27' title='bbox 582 684 644 736; x_wconf 91' lang='lat' dir='ltr'><strong>et</strong></span> <span class='ocrx_word' id='word_1_28' title='bbox 682 677 928 755; x_wconf 75' lang='lat' dir='ltr'><strong>speculis</strong></span> <span class='ocrx_word' id='word_1_29' title='bbox 967 682 1029 735; x_wconf 90' lang='lat' dir='ltr'><strong>et</strong></span> <span class='ocrx_word' id='word_1_30' title='bbox 1057 677 1507 754; x_wconf 62' lang='lat' dir='ltr'><strong>propugnaculis</strong></span> <span class='ocrx_word' id='word_1_31' title='bbox 1544 677 1824 734; x_wconf 78' lang='lat' dir='ltr'><strong>adversus</strong></span> <span class='ocrx_word' id='word_1_32' title='bbox 1862 677 2121 735; x_wconf 87' lang='lat' dir='ltr'><strong>latrones</strong></span> 
     </span>
    </p>

    <p class='ocr_par' dir='ltr' id='par_1_3' title="bbox 284 768 2122 1137">
     <span class='ocr_line' id='line_1_6' title="bbox 284 768 2118 883; baseline 0 -52"><span class='ocrx_word' id='word_1_33' title='bbox 284 799 306 832; x_wconf 89' lang='lat'><strong>7</strong></span> <span class='ocrx_word' id='word_1_34' title='bbox 334 780 599 833; x_wconf 90' lang='lat' dir='ltr'><strong>utuntur.</strong></span> <span class='ocrx_word' id='word_1_35' title='bbox 627 768 651 883; x_wconf 58' lang='lat'><em>1</em></span> <span class='ocrx_word' id='word_1_36' title='bbox 709 774 859 832; x_wconf 90' lang='lat' dir='ltr'><strong>Inde</strong></span> <span class='ocrx_word' id='word_1_37' title='bbox 912 773 1103 850; x_wconf 91' lang='lat' dir='ltr'><strong>primo</strong></span> <span class='ocrx_word' id='word_1_38' title='bbox 1156 773 1480 850; x_wconf 76' lang='lat' dir='ltr'><strong>conspectis</strong></span> <span class='ocrx_word' id='word_1_39' title='bbox 1532 772 1791 830; x_wconf 87' lang='lat' dir='ltr'><strong>hostium</strong></span> <span class='ocrx_word' id='word_1_40' title='bbox 1852 773 2118 845; x_wconf 80' lang='lat' dir='ltr'><strong>navibus,</strong></span> 
     </span>
     <span class='ocr_line' id='line_1_7' title="bbox 331 868 2121 948; baseline -0.001 -19"><span class='ocrx_word' id='word_1_41' title='bbox 331 872 535 929; x_wconf 87' lang='lat' dir='ltr'><strong>datum</strong></span> <span class='ocrx_word' id='word_1_42' title='bbox 578 870 810 948; x_wconf 87' lang='lat' dir='ltr'><strong>signum</strong></span> <span class='ocrx_word' id='word_1_43' title='bbox 853 868 1220 927; x_wconf 71' lang='lat' dir='ltr'><strong>Hasdrubali</strong></span> <span class='ocrx_word' id='word_1_44' title='bbox 1260 875 1368 942; x_wconf 89' lang='lat' dir='ltr'><strong>est,</strong></span> <span class='ocrx_word' id='word_1_45' title='bbox 1415 870 1822 945; x_wconf 71' lang='lat' dir='ltr'><strong>tumultusque</strong></span> <span class='ocrx_word' id='word_1_46' title='bbox 1861 870 2025 946; x_wconf 88' lang='lat' dir='ltr'><strong>prius</strong></span> <span class='ocrx_word' id='word_1_47' title='bbox 2055 871 2121 928; x_wconf 93' lang='lat' dir='ltr'><strong>in</strong></span> 
     </span>
     <span class='ocr_line' id='line_1_8' title="bbox 330 964 2117 1042; baseline 0 -19"><span class='ocrx_word' id='word_1_48' title='bbox 330 971 489 1023; x_wconf 86' lang='lat' dir='ltr'><strong>terra</strong></span> <span class='ocrx_word' id='word_1_49' title='bbox 526 970 590 1023; x_wconf 88' lang='lat' dir='ltr'><strong>et</strong></span> <span class='ocrx_word' id='word_1_50' title='bbox 626 966 833 1023; x_wconf 87' lang='lat' dir='ltr'><strong>castris</strong></span> <span class='ocrx_word' id='word_1_51' title='bbox 866 984 1045 1042; x_wconf 90' lang='lat' dir='ltr'><strong>quam</strong></span> <span class='ocrx_word' id='word_1_52' title='bbox 1084 964 1159 1021; x_wconf 88' lang='lat' dir='ltr'><strong>ad</strong></span> <span class='ocrx_word' id='word_1_53' title='bbox 1200 981 1362 1022; x_wconf 89' lang='lat' dir='ltr'><strong>mare</strong></span> <span class='ocrx_word' id='word_1_54' title='bbox 1393 970 1456 1022; x_wconf 90' lang='lat' dir='ltr'><strong>et</strong></span> <span class='ocrx_word' id='word_1_55' title='bbox 1488 964 1566 1023; x_wconf 86' lang='lat' dir='ltr'><strong>ad</strong></span> <span class='ocrx_word' id='word_1_56' title='bbox 1599 984 1780 1024; x_wconf 83' lang='lat' dir='ltr'><strong>naves</strong></span> <span class='ocrx_word' id='word_1_57' title='bbox 1813 971 1903 1023; x_wconf 91' lang='lat' dir='ltr'><strong>est</strong></span> <span class='ocrx_word' id='word_1_58' title='bbox 1936 971 2117 1037; x_wconf 90' lang='lat' dir='ltr'><strong>ortus,</strong></span> 
     </span>
     <span class='ocr_line' id='line_1_9' title="bbox 328 1058 2122 1137; baseline 0.001 -20"><span class='ocrx_word' id='word_1_59' title='bbox 328 1060 591 1119; x_wconf 88' lang='lat' dir='ltr'><strong>nondum</strong></span> <span class='ocrx_word' id='word_1_60' title='bbox 625 1065 732 1118; x_wconf 89' lang='lat' dir='ltr'><strong>aut</strong></span> <span class='ocrx_word' id='word_1_61' title='bbox 771 1060 944 1137; x_wconf 86' lang='lat' dir='ltr'><strong>pulsu</strong></span> <span class='ocrx_word' id='word_1_62' title='bbox 989 1077 1285 1116; x_wconf 86' lang='lat' dir='ltr'><strong>remorum</strong></span> <span class='ocrx_word' id='word_1_63' title='bbox 1323 1058 1691 1136; x_wconf 73' lang='lat' dir='ltr'><strong>strepituque</strong></span> <span class='ocrx_word' id='word_1_64' title='bbox 1728 1059 1845 1117; x_wconf 83' lang='lat' dir='ltr'><strong>alio</strong></span> <span class='ocrx_word' id='word_1_65' title='bbox 1882 1061 2122 1119; x_wconf 84' lang='lat' dir='ltr'><strong>nautico</strong></span> 
     </span>
    </p>

    <p class='ocr_par' dir='ltr' id='par_1_4' title="bbox 282 1156 2124 1618">
     <span class='ocr_line' id='line_1_10' title="bbox 282 1156 2121 1235; baseline 0.001 -21"><span class='ocrx_word' id='word_1_66' title='bbox 282 1181 306 1220; x_wconf 76' lang='lat' dir='ltr'><strong>a</strong></span> <span class='ocrx_word' id='word_1_67' title='bbox 330 1157 608 1216; x_wconf 87' lang='lat' dir='ltr'><strong>exaudito</strong></span> <span class='ocrx_word' id='word_1_68' title='bbox 634 1163 741 1216; x_wconf 91' lang='lat' dir='ltr'><strong>aut</strong></span> <span class='ocrx_word' id='word_1_69' title='bbox 766 1156 1164 1233; x_wconf 84' lang='lat' dir='ltr'><strong>aperientibus</strong></span> <span class='ocrx_word' id='word_1_70' title='bbox 1198 1156 1439 1214; x_wconf 78' lang='lat' dir='ltr'><strong>classem</strong></span> <span class='ocrx_word' id='word_1_71' title='bbox 1473 1156 1909 1233; x_wconf 68' lang='lat' dir='ltr'><strong>promunturiis,</strong></span> <span class='ocrx_word' id='word_1_72' title='bbox 1937 1177 2121 1235; x_wconf 90' lang='lat' dir='ltr'><strong>quum</strong></span> 
     </span>
     <span class='ocr_line' id='line_1_11' title="bbox 327 1245 2123 1328; baseline 0.002 -21"><span class='ocrx_word' id='word_1_73' title='bbox 327 1257 567 1328; x_wconf 88' lang='lat' dir='ltr'><strong>repente</strong></span> <span class='ocrx_word' id='word_1_74' title='bbox 594 1269 770 1328; x_wconf 89' lang='lat' dir='ltr'><strong>eques</strong></span> <span class='ocrx_word' id='word_1_75' title='bbox 795 1251 946 1309; x_wconf 87' lang='lat' dir='ltr'><strong>alius</strong></span> <span class='ocrx_word' id='word_1_76' title='bbox 980 1270 1158 1328; x_wconf 84' lang='lat' dir='ltr'><strong>super</strong></span> <span class='ocrx_word' id='word_1_77' title='bbox 1191 1251 1375 1309; x_wconf 88' lang='lat' dir='ltr'><strong>alium</strong></span> <span class='ocrx_word' id='word_1_78' title='bbox 1401 1252 1477 1309; x_wconf 89' lang='lat' dir='ltr'><strong>ab</strong></span> <span class='ocrx_word' id='word_1_79' title='bbox 1510 1245 1886 1311; x_wconf 79' lang='lat' dir='ltr'><strong>Hasdrubale</strong></span> <span class='ocrx_word' id='word_1_80' title='bbox 1911 1252 2123 1310; x_wconf 84' lang='lat' dir='ltr'><strong>missus</strong></span> 
     </span>
     <span class='ocr_line' id='line_1_12' title="bbox 327 1347 2123 1425; baseline 0.001 -19"><span class='ocrx_word' id='word_1_81' title='bbox 327 1367 505 1425; x_wconf 82' lang='lat' dir='ltr'><strong>vagos</strong></span> <span class='ocrx_word' id='word_1_82' title='bbox 530 1347 598 1406; x_wconf 90' lang='lat' dir='ltr'><strong>in</strong></span> <span class='ocrx_word' id='word_1_83' title='bbox 621 1347 796 1405; x_wconf 88' lang='lat' dir='ltr'><strong>litore</strong></span> <span class='ocrx_word' id='word_1_84' title='bbox 822 1347 1164 1424; x_wconf 73' lang='lat' dir='ltr'><strong>quietosque</strong></span> <span class='ocrx_word' id='word_1_85' title='bbox 1189 1348 1256 1405; x_wconf 90' lang='lat' dir='ltr'><strong>in</strong></span> <span class='ocrx_word' id='word_1_86' title='bbox 1282 1347 1554 1406; x_wconf 89' lang='lat' dir='ltr'><strong>tentoriis</strong></span> <span class='ocrx_word' id='word_1_87' title='bbox 1581 1347 1719 1422; x_wconf 88' lang='lat' dir='ltr'><strong>suis,</strong></span> <span class='ocrx_word' id='word_1_88' title='bbox 1749 1347 1901 1406; x_wconf 80' lang='lat' dir='ltr'><strong>nihil</strong></span> <span class='ocrx_word' id='word_1_89' title='bbox 1926 1348 2123 1407; x_wconf 87' lang='lat' dir='ltr'><strong>minus</strong></span> 
     </span>
     <span class='ocr_line' id='line_1_13' title="bbox 328 1444 2124 1522; baseline 0 -19"><span class='ocrx_word' id='word_1_90' title='bbox 328 1464 505 1522; x_wconf 89' lang='lat' dir='ltr'><strong>quam</strong></span> <span class='ocrx_word' id='word_1_91' title='bbox 544 1444 774 1503; x_wconf 89' lang='lat' dir='ltr'><strong>hostem</strong></span> <span class='ocrx_word' id='word_1_92' title='bbox 813 1450 921 1502; x_wconf 89' lang='lat' dir='ltr'><strong>aut</strong></span> <span class='ocrx_word' id='word_1_93' title='bbox 962 1444 1237 1521; x_wconf 82' lang='lat' dir='ltr'><strong>proelium</strong></span> <span class='ocrx_word' id='word_1_94' title='bbox 1274 1464 1344 1504; x_wconf 88' lang='lat' dir='ltr'><strong>eo</strong></span> <span class='ocrx_word' id='word_1_95' title='bbox 1384 1445 1480 1504; x_wconf 89' lang='lat' dir='ltr'><strong>die</strong></span> <span class='ocrx_word' id='word_1_96' title='bbox 1526 1451 1948 1522; x_wconf 80' lang='lat' dir='ltr'><strong>exspectantes,</strong></span> <span class='ocrx_word' id='word_1_97' title='bbox 1991 1465 2124 1503; x_wconf 91' lang='lat' dir='ltr'><strong>con-</strong></span> 
     </span>
     <span class='ocr_line' id='line_1_14' title="bbox 329 1541 2121 1618; baseline 0.001 -21"><span class='ocrx_word' id='word_1_98' title='bbox 329 1541 601 1599; x_wconf 88' lang='lat' dir='ltr'><strong>scendere</strong></span> <span class='ocrx_word' id='word_1_99' title='bbox 615 1559 795 1598; x_wconf 82' lang='lat' dir='ltr'><strong>naves</strong></span> <span class='ocrx_word' id='word_1_100' title='bbox 813 1559 1057 1618; x_wconf 89' lang='lat' dir='ltr'><strong>propere</strong></span> <span class='ocrx_word' id='word_1_101' title='bbox 1074 1547 1255 1617; x_wconf 85' lang='lat' dir='ltr'><strong>atque</strong></span> <span class='ocrx_word' id='word_1_102' title='bbox 1269 1560 1433 1600; x_wconf 76' lang='lat' dir='ltr'><strong>arma</strong></span> <span class='ocrx_word' id='word_1_103' title='bbox 1451 1561 1656 1618; x_wconf 83' lang='lat' dir='ltr'><strong>capere</strong></span> <span class='ocrx_word' id='word_1_104' title='bbox 1668 1542 1862 1600; x_wconf 87' lang='lat' dir='ltr'><strong>iubet:</strong></span> <span class='ocrx_word' id='word_1_105' title='bbox 1882 1541 2121 1600; x_wconf 81' lang='lat' dir='ltr'><strong>classem</strong></span> 
     </span>
    </p>

    <p class='ocr_par' dir='ltr' id='par_1_5' title="bbox 279 1637 2123 2103">
     <span class='ocr_line' id='line_1_15' title="bbox 279 1637 2123 1724; baseline 0.001 -28"><span class='ocrx_word' id='word_1_106' title='bbox 279 1676 307 1713; x_wconf 88' lang='lat'><strong>9</strong></span> <span class='ocrx_word' id='word_1_107' title='bbox 331 1639 660 1696; x_wconf 85' lang='lat' dir='ltr'><strong>Romanam</strong></span> <span class='ocrx_word' id='word_1_108' title='bbox 693 1637 827 1724; x_wconf 38' lang='lat' dir='ltr'><strong>iam„</strong></span> <span class='ocrx_word' id='word_1_109' title='bbox 847 1638 1008 1720; x_wconf 86' lang='lat' dir='ltr'><strong>haud</strong></span> <span class='ocrx_word' id='word_1_110' title='bbox 1044 1639 1248 1716; x_wconf 90' lang='lat' dir='ltr'><strong>procul</strong></span> <span class='ocrx_word' id='word_1_111' title='bbox 1284 1645 1461 1717; x_wconf 87' lang='lat' dir='ltr'><strong>portu</strong></span> <span class='ocrx_word' id='word_1_112' title='bbox 1499 1660 1636 1699; x_wconf 89' lang='lat' dir='ltr'><strong>esse.</strong></span> <span class='ocrx_word' id='word_1_113' title='bbox 1720 1640 1870 1699; x_wconf 82' lang='lat' dir='ltr'><strong>Haec</strong></span> <span class='ocrx_word' id='word_1_114' title='bbox 1895 1640 2123 1717; x_wconf 84' lang='lat' dir='ltr'><strong>equites</strong></span> 
     </span>
     <span class='ocr_line' id='line_1_16' title="bbox 331 1734 2123 1812; baseline 0.001 -19"><span class='ocrx_word' id='word_1_115' title='bbox 331 1735 557 1793; x_wconf 87' lang='lat' dir='ltr'><strong>dimissi</strong></span> <span class='ocrx_word' id='word_1_116' title='bbox 590 1735 803 1810; x_wconf 90' lang='lat' dir='ltr'><strong>passim</strong></span> <span class='ocrx_word' id='word_1_117' title='bbox 838 1734 1245 1811; x_wconf 84' lang='lat' dir='ltr'><strong>imperabant3</strong></span> <span class='ocrx_word' id='word_1_118' title='bbox 1286 1754 1427 1794; x_wconf 87' lang='lat' dir='ltr'><strong>mox</strong></span> <span class='ocrx_word' id='word_1_119' title='bbox 1454 1736 1797 1794; x_wconf 80' lang='lat' dir='ltr'><strong>Hasdrubal</strong></span> <span class='ocrx_word' id='word_1_120' title='bbox 1835 1735 1961 1812; x_wconf 86' lang='lat' dir='ltr'><strong>ipse</strong></span> <span class='ocrx_word' id='word_1_121' title='bbox 1987 1754 2123 1793; x_wconf 86' lang='lat' dir='ltr'><strong>cum</strong></span> 
     </span>
     <span class='ocr_line' id='line_1_17' title="bbox 329 1829 2123 1908; baseline 0.001 -20"><span class='ocrx_word' id='word_1_122' title='bbox 329 1830 492 1888; x_wconf 88' lang='lat' dir='ltr'><strong>omni</strong></span> <span class='ocrx_word' id='word_1_123' title='bbox 537 1830 800 1888; x_wconf 88' lang='lat' dir='ltr'><strong>exercitu</strong></span> <span class='ocrx_word' id='word_1_124' title='bbox 842 1829 1058 1903; x_wconf 81' lang='lat' dir='ltr'><strong>aderat,</strong></span> <span class='ocrx_word' id='word_1_125' title='bbox 1105 1831 1384 1908; x_wconf 61' lang='lat' dir='ltr'><strong>varioque</strong></span> <span class='ocrx_word' id='word_1_126' title='bbox 1426 1832 1625 1891; x_wconf 90' lang='lat' dir='ltr'><strong>omnia</strong></span> <span class='ocrx_word' id='word_1_127' title='bbox 1664 1832 1927 1890; x_wconf 89' lang='lat' dir='ltr'><strong>tumultu</strong></span> <span class='ocrx_word' id='word_1_128' title='bbox 1979 1837 2123 1890; x_wconf 90' lang='lat' dir='ltr'><strong>stre-</strong></span> 
     </span>
     <span class='ocr_line' id='line_1_18' title="bbox 330 1925 2117 2012; baseline 0.001 -28"><span class='ocrx_word' id='word_1_129' title='bbox 330 1932 500 2004; x_wconf 89' lang='lat' dir='ltr'><strong>punt,</strong></span> <span class='ocrx_word' id='word_1_130' title='bbox 519 1925 826 1983; x_wconf 89' lang='lat' dir='ltr'><strong>ruentibus</strong></span> <span class='ocrx_word' id='word_1_131' title='bbox 849 1925 917 1982; x_wconf 97' lang='lat' dir='ltr'><strong>in</strong></span> <span class='ocrx_word' id='word_1_132' title='bbox 942 1944 1122 1984; x_wconf 83' lang='lat' dir='ltr'><strong>naves</strong></span> <span class='ocrx_word' id='word_1_133' title='bbox 1147 1926 1325 1985; x_wconf 87' lang='lat' dir='ltr'><strong>simul</strong></span> <span class='ocrx_word' id='word_1_134' title='bbox 1351 1928 1668 2012; x_wconf 84' lang='lat' dir='ltr'><strong>remigibus</strong></span> <span class='ocrx_word' id='word_1_135' title='bbox 1693 1928 2117 2005; x_wconf 86' lang='lat' dir='ltr'><strong>militibusque,</strong></span> 
     </span>
     <span class='ocr_line' id='line_1_19' title="bbox 329 2022 2120 2103; baseline 0.001 -21"><span class='ocrx_word' id='word_1_136' title='bbox 329 2022 683 2101; x_wconf 85' lang='lat' dir='ltr'><strong>fugientium</strong></span> <span class='ocrx_word' id='word_1_137' title='bbox 722 2022 908 2099; x_wconf 83' lang='lat' dir='ltr'><strong>magis</strong></span> <span class='ocrx_word' id='word_1_138' title='bbox 946 2042 981 2081; x_wconf 87' lang='lat' dir='ltr'><strong>e</strong></span> <span class='ocrx_word' id='word_1_139' title='bbox 1019 2029 1179 2081; x_wconf 87' lang='lat' dir='ltr'><strong>terra</strong></span> <span class='ocrx_word' id='word_1_140' title='bbox 1218 2044 1395 2102; x_wconf 89' lang='lat' dir='ltr'><strong>quam</strong></span> <span class='ocrx_word' id='word_1_141' title='bbox 1440 2025 1506 2082; x_wconf 91' lang='lat' dir='ltr'><strong>in</strong></span> <span class='ocrx_word' id='word_1_142' title='bbox 1551 2045 1809 2103; x_wconf 82' lang='lat' dir='ltr'><strong>pugnam</strong></span> <span class='ocrx_word' id='word_1_143' title='bbox 1852 2026 2120 2084; x_wconf 91' lang='lat' dir='ltr'><strong>euntium</strong></span> 
     </span>
    </p>

    <p class='ocr_par' dir='ltr' id='par_1_6' title="bbox 257 2119 2122 2296">
     <span class='ocr_line' id='line_1_20' title="bbox 257 2119 2122 2201; baseline -0.001 -18"><span class='ocrx_word' id='word_1_144' title='bbox 257 2156 305 2183; x_wconf 74' lang='grc' dir='ltr'><strong>ιο</strong></span> <span class='ocrx_word' id='word_1_145' title='bbox 327 2122 514 2182; x_wconf 87' lang='lat' dir='ltr'><strong>modo.</strong></span> <span class='ocrx_word' id='word_1_146' title='bbox 599 2119 871 2179; x_wconf 83' lang='lat' dir='ltr'><strong>&#39;Vixdum</strong></span> <span class='ocrx_word' id='word_1_147' title='bbox 897 2141 1098 2179; x_wconf 87' lang='lat' dir='ltr'><strong>omnes</strong></span> <span class='ocrx_word' id='word_1_148' title='bbox 1130 2122 1602 2195; x_wconf 85' lang='lat' dir='ltr'><strong>conscenderant,</strong></span> <span class='ocrx_word' id='word_1_149' title='bbox 1631 2143 1814 2201; x_wconf 92' lang='lat' dir='ltr'><strong>quum</strong></span> <span class='ocrx_word' id='word_1_150' title='bbox 1841 2123 1946 2181; x_wconf 90' lang='lat' dir='ltr'><strong>alii</strong></span> <span class='ocrx_word' id='word_1_151' title='bbox 1970 2142 2122 2182; x_wconf 90' lang='lat' dir='ltr'><strong>reso-</strong></span> 
     </span>
     <span class='ocr_line' id='line_1_21' title="bbox 325 2214 2116 2296; baseline 0.001 -21"><span class='ocrx_word' id='word_1_152' title='bbox 325 2217 470 2276; x_wconf 89' lang='lat' dir='ltr'><strong>lutis</strong></span> <span class='ocrx_word' id='word_1_153' title='bbox 495 2214 624 2276; x_wconf 77' lang='lat' dir='ltr'><strong>oris</strong></span> <span class='ocrx_word' id='word_1_154' title='bbox 659 2216 726 2275; x_wconf 91' lang='lat' dir='ltr'><strong>in</strong></span> <span class='ocrx_word' id='word_1_155' title='bbox 765 2235 1004 2277; x_wconf 88' lang='lat' dir='ltr'><strong>ancoras</strong></span> <span class='ocrx_word' id='word_1_156' title='bbox 1049 2218 1399 2294; x_wconf 79' lang='lat' dir='ltr'><strong>evehuntur,</strong></span> <span class='ocrx_word' id='word_1_157' title='bbox 1441 2219 1560 2292; x_wconf 84' lang='lat' dir='ltr'><strong>alii,</strong></span> <span class='ocrx_word' id='word_1_158' title='bbox 1602 2238 1680 2277; x_wconf 89' lang='lat' dir='ltr'><strong>ne</strong></span> <span class='ocrx_word' id='word_1_159' title='bbox 1718 2218 1862 2296; x_wconf 90' lang='lat' dir='ltr'><strong>quid</strong></span> <span class='ocrx_word' id='word_1_160' title='bbox 1900 2223 2116 2289; x_wconf 82' lang='lat' dir='ltr'><strong>teneat,</strong></span> 
     </span>
    </p>
   </div>
   <div class='ocr_carea' id='block_1_3' title="bbox 325 2314 2128 2393">
    <p class='ocr_par' dir='ltr' id='par_1_7' title="bbox 325 2314 2128 2393">
     <span class='ocr_line' id='line_1_22' title="bbox 325 2314 2128 2393; baseline -0.001 -19"><span class='ocrx_word' id='word_1_161' title='bbox 325 2315 620 2375; x_wconf 86' lang='lat' dir='ltr'><strong>ancoralia</strong></span> <span class='ocrx_word' id='word_1_162' title='bbox 656 2314 966 2389; x_wconf 81' lang='lat' dir='ltr'><strong>incidunt3</strong></span> <span class='ocrx_word' id='word_1_163' title='bbox 1024 2315 1356 2392; x_wconf 87' lang='lat' dir='ltr'><strong>raptimque</strong></span> <span class='ocrx_word' id='word_1_164' title='bbox 1397 2316 1597 2374; x_wconf 88' lang='lat' dir='ltr'><strong>omnia</strong></span> <span class='ocrx_word' id='word_1_165' title='bbox 1641 2336 1711 2373; x_wconf 80' lang='lat' dir='ltr'><strong>ac</strong></span> <span class='ocrx_word' id='word_1_166' title='bbox 1754 2334 2128 2393; x_wconf 70' lang='lat' dir='ltr'><strong>praepropere</strong></span> 
     </span>
    </p>
   </div>
   <div class='ocr_carea' id='block_1_4' title="bbox 251 2411 2121 3360">
    <p class='ocr_par' dir='ltr' id='par_1_8' title="bbox 251 2411 2121 3360">
     <span class='ocr_line' id='line_1_23' title="bbox 326 2411 2119 2491; baseline -0.001 -20"><span class='ocrx_word' id='word_1_167' title='bbox 326 2413 564 2491; x_wconf 82' lang='lat' dir='ltr'><strong>agendO,</strong></span> <span class='ocrx_word' id='word_1_168' title='bbox 607 2411 866 2470; x_wconf 88' lang='lat' dir='ltr'><strong>militum</strong></span> <span class='ocrx_word' id='word_1_169' title='bbox 907 2418 1196 2489; x_wconf 82' lang='lat' dir='ltr'><strong>apparatu</strong></span> <span class='ocrx_word' id='word_1_170' title='bbox 1236 2412 1475 2470; x_wconf 83' lang='lat' dir='ltr'><strong>nautica</strong></span> <span class='ocrx_word' id='word_1_171' title='bbox 1515 2411 1841 2470; x_wconf 87' lang='lat' dir='ltr'><strong>ministeria</strong></span> <span class='ocrx_word' id='word_1_172' title='bbox 1880 2412 2119 2488; x_wconf 90' lang='lat' dir='ltr'><strong>impedi·</strong></span> 
     </span>
     <span class='ocr_line' id='line_1_24' title="bbox 328 2507 2120 2585; baseline -0.003 -17"><span class='ocrx_word' id='word_1_173' title='bbox 328 2515 527 2581; x_wconf 87' lang='lat' dir='ltr'><strong>untur,</strong></span> <span class='ocrx_word' id='word_1_174' title='bbox 567 2507 960 2584; x_wconf 87' lang='lat' dir='ltr'><strong>trepidatione</strong></span> <span class='ocrx_word' id='word_1_175' title='bbox 1002 2513 1319 2565; x_wconf 88' lang='lat' dir='ltr'><strong>nautarum</strong></span> <span class='ocrx_word' id='word_1_176' title='bbox 1361 2524 1564 2585; x_wconf 85' lang='lat' dir='ltr'><strong>capere</strong></span> <span class='ocrx_word' id='word_1_177' title='bbox 1606 2512 1669 2566; x_wconf 89' lang='lat' dir='ltr'><strong>et</strong></span> <span class='ocrx_word' id='word_1_178' title='bbox 1707 2512 1910 2583; x_wconf 86' lang='lat' dir='ltr'><strong>aptare</strong></span> <span class='ocrx_word' id='word_1_179' title='bbox 1955 2524 2120 2564; x_wconf 86' lang='lat' dir='ltr'><strong>arma</strong></span> 
     </span>
     <span class='ocr_line' id='line_1_25' title="bbox 252 2589 2121 2681; baseline -0.002 -17"><span class='ocrx_word' id='word_1_180' title='bbox 252 2630 299 2659; x_wconf 81' lang='grc' dir='ltr'><strong>ιι</strong></span> <span class='ocrx_word' id='word_1_181' title='bbox 324 2606 494 2664; x_wconf 91' lang='lat' dir='ltr'><strong>miles</strong></span> <span class='ocrx_word' id='word_1_182' title='bbox 534 2604 892 2681; x_wconf 87' lang='lat' dir='ltr'><strong>prohibetur.</strong></span> <span class='ocrx_word' id='word_1_183' title='bbox 998 2604 1083 2662; x_wconf 89' lang='lat' dir='ltr'><strong>Et</strong></span> <span class='ocrx_word' id='word_1_184' title='bbox 1126 2605 1247 2662; x_wconf 89' lang='lat' dir='ltr'><strong>iam</strong></span> <span class='ocrx_word' id='word_1_185' title='bbox 1294 2589 1599 2662; x_wconf 84' lang='lat' dir='ltr'><strong>Romanus</strong></span> <span class='ocrx_word' id='word_1_186' title='bbox 1644 2623 1766 2662; x_wconf 92' lang='lat' dir='ltr'><strong>non</strong></span> <span class='ocrx_word' id='word_1_187' title='bbox 1811 2604 2121 2681; x_wconf 82' lang='lat' dir='ltr'><strong>appropin-</strong></span> 
     </span>
     <span class='ocr_line' id='line_1_26' title="bbox 325 2700 2117 2780; baseline -0.002 -20"><span class='ocrx_word' id='word_1_188' title='bbox 325 2702 547 2780; x_wconf 82' lang='lat' dir='ltr'><strong>quabat</strong></span> <span class='ocrx_word' id='word_1_189' title='bbox 584 2700 773 2772; x_wconf 85' lang='lat' dir='ltr'><strong>mode,</strong></span> <span class='ocrx_word' id='word_1_190' title='bbox 815 2701 917 2759; x_wconf 90' lang='lat' dir='ltr'><strong>sed</strong></span> <span class='ocrx_word' id='word_1_191' title='bbox 957 2701 1255 2761; x_wconf 84' lang='lat' dir='ltr'><strong>direxerat</strong></span> <span class='ocrx_word' id='word_1_192' title='bbox 1291 2702 1472 2759; x_wconf 88' lang='lat' dir='ltr'><strong>etiam</strong></span> <span class='ocrx_word' id='word_1_193' title='bbox 1510 2701 1578 2758; x_wconf 91' lang='lat' dir='ltr'><strong>in</strong></span> <span class='ocrx_word' id='word_1_194' title='bbox 1615 2719 1873 2779; x_wconf 83' lang='lat' dir='ltr'><strong>pugnam</strong></span> <span class='ocrx_word' id='word_1_195' title='bbox 1913 2717 2117 2757; x_wconf 83' lang='lat' dir='ltr'><strong>naves.</strong></span> 
     </span>
     <span class='ocr_line' id='line_1_27' title="bbox 324 2797 2121 2876; baseline -0.002 -18"><span class='ocrx_word' id='word_1_196' title='bbox 324 2799 539 2876; x_wconf 84' lang='lat' dir='ltr'><strong>Itaque</strong></span> <span class='ocrx_word' id='word_1_197' title='bbox 553 2817 675 2856; x_wconf 92' lang='lat' dir='ltr'><strong>non</strong></span> <span class='ocrx_word' id='word_1_198' title='bbox 693 2799 769 2856; x_wconf 91' lang='lat' dir='ltr'><strong>ab</strong></span> <span class='ocrx_word' id='word_1_199' title='bbox 788 2798 953 2856; x_wconf 87' lang='lat' dir='ltr'><strong>hoste</strong></span> <span class='ocrx_word' id='word_1_200' title='bbox 983 2803 1043 2856; x_wconf 88' lang='lat' dir='ltr'><strong>et</strong></span> <span class='ocrx_word' id='word_1_201' title='bbox 1068 2798 1274 2875; x_wconf 82' lang='lat' dir='ltr'><strong>proelio</strong></span> <span class='ocrx_word' id='word_1_202' title='bbox 1289 2798 1475 2875; x_wconf 84' lang='lat' dir='ltr'><strong>magis</strong></span> <span class='ocrx_word' id='word_1_203' title='bbox 1498 2797 1670 2856; x_wconf 82' lang='lat' dir='ltr'><strong>Poeni</strong></span> <span class='ocrx_word' id='word_1_204' title='bbox 1695 2816 1872 2874; x_wconf 90' lang='lat' dir='ltr'><strong>quam</strong></span> <span class='ocrx_word' id='word_1_205' title='bbox 1893 2801 2121 2855; x_wconf 88' lang='lat' dir='ltr'><strong>suomet</strong></span> 
     </span>
     <span class='ocr_line' id='line_1_28' title="bbox 322 2891 2115 2975; baseline -0.003 -20"><span class='ocrx_word' id='word_1_206' title='bbox 322 2896 437 2975; x_wconf 87' lang='lat' dir='ltr'><strong>ipsi</strong></span> <span class='ocrx_word' id='word_1_207' title='bbox 462 2894 729 2955; x_wconf 88' lang='lat' dir='ltr'><strong>tumultu</strong></span> <span class='ocrx_word' id='word_1_208' title='bbox 754 2895 999 2966; x_wconf 85' lang='lat' dir='ltr'><strong>turbati,</strong></span> <span class='ocrx_word' id='word_1_209' title='bbox 1030 2901 1261 2953; x_wconf 88' lang='lat' dir='ltr'><strong>tentata</strong></span> <span class='ocrx_word' id='word_1_210' title='bbox 1285 2895 1482 2954; x_wconf 87' lang='lat' dir='ltr'><strong>verius</strong></span> <span class='ocrx_word' id='word_1_211' title='bbox 1518 2914 1717 2971; x_wconf 85' lang='lat' dir='ltr'><strong>pugna</strong></span> <span class='ocrx_word' id='word_1_212' title='bbox 1741 2912 1918 2971; x_wconf 90' lang='lat' dir='ltr'><strong>quam</strong></span> <span class='ocrx_word' id='word_1_213' title='bbox 1946 2891 2115 2964; x_wconf 85' lang='lat' dir='ltr'><strong>inita,</strong></span> 
     </span>
     <span class='ocr_line' id='line_1_29' title="bbox 251 2988 2119 3071; baseline -0.006 -14"><span class='ocrx_word' id='word_1_214' title='bbox 251 3030 298 3058; x_wconf 70' lang='grc' dir='ltr'><strong>η</strong></span> <span class='ocrx_word' id='word_1_215' title='bbox 323 2994 391 3052; x_wconf 91' lang='lat' dir='ltr'><strong>in</strong></span> <span class='ocrx_word' id='word_1_216' title='bbox 427 2994 631 3071; x_wconf 83' lang='lat' dir='ltr'><strong>fugam</strong></span> <span class='ocrx_word' id='word_1_217' title='bbox 670 2996 1014 3051; x_wconf 86' lang='lat' dir='ltr'><strong>averterunt</strong></span> <span class='ocrx_word' id='word_1_218' title='bbox 1052 2991 1311 3064; x_wconf 87' lang='lat' dir='ltr'><strong>classem,</strong></span> <span class='ocrx_word' id='word_1_219' title='bbox 1337 2998 1403 3052; x_wconf 90' lang='lat' dir='ltr'><strong>et</strong></span> <span class='ocrx_word' id='word_1_220' title='bbox 1436 3011 1623 3070; x_wconf 88' lang='lat' dir='ltr'><strong>quum</strong></span> <span class='ocrx_word' id='word_1_221' title='bbox 1659 2989 1890 3048; x_wconf 84' lang='lat' dir='ltr'><strong>adversi</strong></span> <span class='ocrx_word' id='word_1_222' title='bbox 1928 2988 2119 3046; x_wconf 84' lang='lat' dir='ltr'><strong>amnis</strong></span> 
     </span>
     <span class='ocr_line' id='line_1_30' title="bbox 323 3083 2118 3166; baseline -0.006 -16"><span class='ocrx_word' id='word_1_223' title='bbox 323 3111 388 3150; x_wconf 90' lang='lat' dir='ltr'><strong>os</strong></span> <span class='ocrx_word' id='word_1_224' title='bbox 422 3091 550 3149; x_wconf 90' lang='lat' dir='ltr'><strong>lato</strong></span> <span class='ocrx_word' id='word_1_225' title='bbox 589 3089 811 3166; x_wconf 85' lang='lat' dir='ltr'><strong>agmini</strong></span> <span class='ocrx_word' id='word_1_226' title='bbox 845 3094 909 3148; x_wconf 89' lang='lat' dir='ltr'><strong>et</strong></span> <span class='ocrx_word' id='word_1_227' title='bbox 942 3094 1070 3147; x_wconf 91' lang='lat' dir='ltr'><strong>tam</strong></span> <span class='ocrx_word' id='word_1_228' title='bbox 1094 3087 1299 3147; x_wconf 83' lang='lat' dir='ltr'><strong>multis</strong></span> <span class='ocrx_word' id='word_1_229' title='bbox 1338 3088 1518 3147; x_wconf 85' lang='lat' dir='ltr'><strong>simul</strong></span> <span class='ocrx_word' id='word_1_230' title='bbox 1542 3085 1920 3146; x_wconf 84' lang='lat' dir='ltr'><strong>venientibus</strong></span> <span class='ocrx_word' id='word_1_231' title='bbox 1957 3083 2118 3141; x_wconf 85' lang='lat' dir='ltr'><strong>haud</strong></span> 
     </span>
     <span class='ocr_line' id='line_1_31' title="bbox 323 3185 2118 3263; baseline -0.004 -17"><span class='ocrx_word' id='word_1_232' title='bbox 323 3205 463 3246; x_wconf 84' lang='lat' dir='ltr'><strong>sane</strong></span> <span class='ocrx_word' id='word_1_233' title='bbox 487 3187 766 3246; x_wconf 82' lang='lat' dir='ltr'><strong>intrabile</strong></span> <span class='ocrx_word' id='word_1_234' title='bbox 780 3191 947 3261; x_wconf 89' lang='lat' dir='ltr'><strong>esset,</strong></span> <span class='ocrx_word' id='word_1_235' title='bbox 971 3185 1038 3244; x_wconf 92' lang='lat' dir='ltr'><strong>in</strong></span> <span class='ocrx_word' id='word_1_236' title='bbox 1064 3185 1210 3244; x_wconf 88' lang='lat' dir='ltr'><strong>litus</strong></span> <span class='ocrx_word' id='word_1_237' title='bbox 1229 3187 1445 3263; x_wconf 85' lang='lat' dir='ltr'><strong>passim</strong></span> <span class='ocrx_word' id='word_1_238' title='bbox 1461 3204 1642 3243; x_wconf 84' lang='lat' dir='ltr'><strong>naves</strong></span> <span class='ocrx_word' id='word_1_239' title='bbox 1658 3187 1921 3261; x_wconf 86' lang='lat' dir='ltr'><strong>egerunt,</strong></span> <span class='ocrx_word' id='word_1_240' title='bbox 1939 3186 2118 3258; x_wconf 90' lang='lat' dir='ltr'><strong>atque</strong></span> 
     </span>
     <span class='ocr_line' id='line_1_32' title="bbox 322 3278 2119 3360; baseline -0.004 -18"><span class='ocrx_word' id='word_1_241' title='bbox 322 3284 428 3342; x_wconf 81' lang='lat' dir='ltr'><strong>alii</strong></span> <span class='ocrx_word' id='word_1_242' title='bbox 452 3283 634 3356; x_wconf 85' lang='lat' dir='ltr'><strong>vadis,</strong></span> <span class='ocrx_word' id='word_1_243' title='bbox 662 3283 767 3342; x_wconf 85' lang='lat' dir='ltr'><strong>alii</strong></span> <span class='ocrx_word' id='word_1_244' title='bbox 801 3284 952 3343; x_wconf 89' lang='lat' dir='ltr'><strong>sicco</strong></span> <span class='ocrx_word' id='word_1_245' title='bbox 984 3284 1159 3342; x_wconf 87' lang='lat' dir='ltr'><strong>litore</strong></span> <span class='ocrx_word' id='word_1_246' title='bbox 1194 3283 1442 3360; x_wconf 83' lang='lat' dir='ltr'><strong>excepti,</strong></span> <span class='ocrx_word' id='word_1_247' title='bbox 1475 3282 1694 3359; x_wconf 83' lang='lat' dir='ltr'><strong>partim</strong></span> <span class='ocrx_word' id='word_1_248' title='bbox 1731 3278 1960 3351; x_wconf 87' lang='lat' dir='ltr'><strong>armati,</strong></span> <span class='ocrx_word' id='word_1_249' title='bbox 1989 3297 2119 3355; x_wconf 85' lang='lat' dir='ltr'><strong>par-</strong></span> 
     </span>
    </p>
   </div>
   <div class='ocr_carea' id='block_1_5' title="bbox 323 3378 2366 3813">
    <p class='ocr_par' dir='ltr' id='par_1_9' title="bbox 323 3378 2366 3813">
     <span class='ocr_line' id='line_1_33' title="bbox 323 3378 2366 3813; baseline -0.003 -375"><span class='ocrx_word' id='word_1_250' title='bbox 323 3380 434 3439; x_wconf 88' lang='lat' dir='ltr'><strong>tim</strong></span> <span class='ocrx_word' id='word_1_251' title='bbox 460 3380 709 3440; x_wconf 87' lang='lat' dir='ltr'><strong>inermes</strong></span> <span class='ocrx_word' id='word_1_252' title='bbox 734 3381 811 3442; x_wconf 84' lang='lat' dir='ltr'><strong>ad</strong></span> <span class='ocrx_word' id='word_1_253' title='bbox 835 3380 1185 3440; x_wconf 84' lang='lat' dir='ltr'><strong>instructam</strong></span> <span class='ocrx_word' id='word_1_254' title='bbox 1210 3398 1318 3457; x_wconf 88' lang='lat' dir='ltr'><strong>per</strong></span> <span class='ocrx_word' id='word_1_255' title='bbox 1341 3378 1487 3439; x_wconf 89' lang='lat' dir='ltr'><strong>litus</strong></span> <span class='ocrx_word' id='word_1_256' title='bbox 1512 3378 1697 3435; x_wconf 89' lang='lat' dir='ltr'><strong>aciem</strong></span> <span class='ocrx_word' id='word_1_257' title='bbox 1722 3394 1963 3433; x_wconf 83' lang='lat' dir='ltr'><strong>suorum</strong></span> <span class='ocrx_word' id='word_1_258' title='bbox 1987 3395 2117 3452; x_wconf 86' lang='lat' dir='ltr'><strong>per-</strong></span> <span class='ocrx_word' id='word_1_259' title='bbox 2335 3385 2366 3813; x_wconf 61' lang='grc'><strong><em>1</em></strong></span> 
     </span>
    </p>
   </div>
  </div>
 </body>
</html>
