2375 3842
334 233 414 292 64
1113 229 1213 287 LI
1218 229 1345 290 VII

334 380 437 441 via
461 383 895 448 concurrerunt,
937 383 1001 434 et
1034 396 1221 453 quum
1254 397 1332 436 ex
1366 378 1554 436 altera.
1586 366 1755 454 parte
1792 379 1946 438 nihil
1979 401 2128 459 prae—

335 482 428 532 ter
465 472 826 531 inconditam
865 473 1102 530 turbam
1141 478 1311 545 esset,
1353 473 1420 530 in
1459 474 1646 532 altera
1678 481 1741 532 et
1774 476 1901 534 dux
1939 479 2128 537 militi

337 577 400 628 et
437 570 574 627 duci
610 569 781 627 miles
813 569 1013 642 fidens,
1042 570 1120 627 ad
1151 570 1401 646 triginta
1432 571 1691 648 quinque
1725 573 1914 637 millia
1938 575 2128 634 homi·

265 686 312 723 ²3
336 685 482 723 num
519 685 558 722 a
595 665 795 741 paucis
832 665 979 724 fusa.
1060 664 1308 724 Postero
1348 666 1445 724 die
1482 667 1776 726 deditione
1800 670 1958 727 facta
1980 690 2129 747 prae—

337 762 555 820 sidium
588 761 752 820 intra
786 762 1006 820 moenia
1044 756 1320 839 accepere
1331 783 1351 836 3
1389 763 1650 840 iussique
1684 784 1849 822 arma
1888 767 2128 826 tradere

337 880 522 938 quum
587 860 746 917 dioto
812 859 1158 936 paruissent,
1216 859 1451 935 signum
1507 866 1748 936 repente
1799 855 2129 922 fictoribus

268 976 316 1015 ²4
339 958 530 1029 datur,
572 962 644 1014 ut
681 961 985 1032 tamquam
1023 955 1088 1012 vi
1127 960 1360 1030 captam
1397 955 1607 1012 urbem
1643 956 1984 1032 diriperent,
2025 976 2131 1016 ne-

338 1073 454 1131 que
503 1053 645 1124 ulla,
699 1070 830 1128 quae
879 1051 947 1108 in
997 1050 1108 1108 tali
1156 1069 1224 1108 re
1285 1051 1681 1109 memorabilis
1733 1053 2131 1112 scribentibus

212 1170 217 1179 ·
337 1152 529 1211 videri
565 1151 727 1222 solet,
756 1149 1146 1225 praetermissa
1183 1148 1376 1207 clades
1417 1154 1544 1222 est3
1580 1149 1725 1206 adeo
1765 1149 1956 1207 omnis
1994 1150 2131 1208 libi-

340 1247 497 1305 dinis
537 1245 1018 1321 crudelitatisque
1062 1250 1126 1303 et
1175 1244 1514 1302 inhumanae
1559 1245 1844 1320 superbiae
1896 1246 2130 1304 editum

339 1342 407 1399 in
444 1343 685 1400 miseros
725 1341 1058 1416 exemplum
1103 1346 1210 1400 est.
1293 1340 1410 1398 11ae
1447 1339 1615 1398 fuere
1652 1340 1913 1399 hibemae
1955 1362 2134 1420 expe-

336 1437 591 1496 ditiones
617 1435 992 1496 Hannibalis.
1976 1464 2116 1505 f-

240 1544 317 1602 58
462 1534 647 1591 Haud
692 1532 852 1608 longi
896 1532 1037 1589 inde
1075 1531 1371 1608 temporis,
1413 1531 1554 1588 dum
1592 1531 1989 1592 intolerabilia
2027 1535 2133 1594 fri-

293 1654 318 1681 2
341 1646 413 1686 He
432 1645 539 1685 ιι-ιοᾱ
560 1647 605 1684 to
627 1652 744 1683 ero-⁸
780 1648 920 1706 gora
966 1634 1152 1700 erant,
1198 1628 1364 1704 quies
1402 1627 1583 1684 militi
1624 1628 1764 1685 data
1804 1634 1912 1700 est,
1952 1636 2017 1687 et
2051 1633 2135 1692 ad

339 1692 648 1738 theApennines
654 1691 742 1727 into
854 1725 868 1738 ,
1242 1725 1254 1737 .
1367 1723 1381 1738 .
1397 1716 1410 1732 .
1642 1723 1657 1736 .

223 1756 226 1761 ·
342 1737 524 1784 Etruria»
554 1737 631 1775 but
659 1745 742 1773 m
779 1744 970 1801 prima
1008 1743 1076 1782 ec
1112 1724 1296 1782 dubia
1334 1743 1502 1800 mgna
1536 1742 1691 1781 vens
1727 1725 2025 1799 profectus
2053 1745 2134 1786 ex

342 1781 744 1868 mamm?
779 1820 1042 1878 hibernis
1080 1819 1148 1876 in
1183 1819 1486 1877 nem-lam
1523 1819 1702 1891 ducit,
1731 1838 1862 1878 eam
1892 1839 2134 1898 quoque

342 1922 595 1992 gentem,
636 1915 790 1973 sicut
828 1914 1028 1974 Gallos
1080 1915 1456 1992 Liguresque,
1504 1921 1612 1973 aut
1650 1918 1716 1974 vi
1761 1924 1869 1975 aut
1920 1920 2135 1978 volun-

295 2037 320 2077 3
345 2019 469 2071 tate
534 2012 931 2069 adiuncturus.
1043 2011 1466 2070 Transeuntem
1510 2012 1940 2088 Appenninum
1981 2015 2134 2076 adeo

344 2112 517 2164 atrox
561 2106 767 2164 adorta
818 2112 1133 2182 tempestas
1178 2111 1283 2179 est,
1330 2112 1405 2163 ut
1448 2106 1696 2182 Alpium
1735 2127 1929 2184 prope,
1964 2111 2135 2169 foedi.

343 2209 529 2261 tatem
566 2203 939 2280 superaverit.
1044 2202 1248 2260 Vento
1293 2202 1516 2275 mixtus
1559 2202 1749 2261 imber
1792 2223 1980 2281 quum
2018 2209 2136 2265 fer-

341 2303 510 2356 retur
573 2299 639 2355 in
704 2298 832 2373 ipsa
895 2316 1016 2368 ora,
1087 2296 1293 2372 primo,
1361 2295 1501 2371 quia
1563 2301 1672 2353 aut
1735 2315 1901 2355 arma
1957 2301 2137 2358 omit—

343 2393 523 2451 tenda
582 2398 753 2451 erant
823 2399 929 2450 aut
989 2399 1196 2450 contra
1268 2391 1557 2450 enitentes
1625 2394 1847 2452 vertice
1914 2395 2136 2458 intorti

295 2516 321 2552 4
343 2490 766 2565 affligebantur,
822 2489 1170 2561 constiter03
1250 2476 1388 2545 dein
1439 2506 1621 2563 quum
1678 2488 1799 2547 iam
1850 2493 2134 2568 spiritum

344 2585 669 2642 includeret
702 2602 817 2641 nec
857 2584 1214 2660 reciprocare
1260 2581 1515 2639 animam
1565 2581 1803 2653 sineret,
1849 2587 2048 2645 aversi
2095 2609 2137 2648 a.

298 2710 323 2749 ⁵
345 2681 526 2734 vento
577 2695 891 2753 parumper
934 2676 1259 2734 consedere.
1341 2674 1491 2732 Tum
1531 2693 1669 2732 vero
1707 2677 1938 2754 ingenti
1984 2700 2136 2742 sono

347 2771 551 2830 caelum
604 2778 861 2848 strepere
913 2777 977 2829 et
1025 2771 1185 2829 inter
1237 2770 1553 2828 horrendos
1603 2771 1859 2847 fragores
1909 2776 2136 2837 micare

298 2886 323 2925 ⁶
345 2869 545 2946 ignes;
584 2868 743 2945 capti
787 2869 1027 2926 auribus
1075 2873 1138 2926 et
1177 2866 1363 2924 oculis
1404 2872 1568 2922 metu
1608 2886 1811 2926 omnes
1851 2876 2133 2949 torpere3

343 2965 580 3023 tandem
608 2966 791 3023 effuso
816 2965 1020 3038 imbre,
1050 2982 1234 3040 quum
1261 2980 1330 3019 eo
1355 2961 1541 3037 magis
1565 2980 1805 3022 accensa
1832 2966 1924 3024 vis
1960 2971 2138 3029 venti

344 3071 509 3134 esset,
548 3061 675 3138 ipso
710 3061 831 3131 illo,
861 3080 979 3136 quo
1013 3057 1286 3135 deprensi
1322 3061 1508 3127 erant,
1537 3057 1663 3115 loco
1695 3066 1886 3118 cestra
1910 3081 2137 3139 ponere

297 3175 322 3214 7
343 3157 732 3215 necessarium
771 3157 967 3213 visum
1005 3160 1109 3212 est.
1196 3152 1272 3209 Id
1313 3170 1453 3208 vero
1488 3151 1704 3211 laboris
1737 3155 1908 3214 velut
1941 3159 2018 3217 de
2042 3160 2139 3220 in-

341 3259 506 3331 tegro
542 3253 785 3313 initium
822 3252 978 3324 fuit,
1018 3268 1157 3307 nam
1198 3266 1306 3304 nec
1339 3246 1631 3323 explicare
1664 3250 1981 3328 quicquam
2020 3268 2139 3316 nee

341 3354 596 3409 statuere
631 3353 907 3426 poterant
941 3365 1064 3421 nec,
1098 3343 1256 3422 quod
1294 3347 1581 3401 statutum
1622 3352 1789 3421 esset,
1828 3350 2132 3428 manebat,
