2375 3842
941 250 1201 311 LIBER
1250 249 1426 310 XXI.
1986 251 2057 311 37

291 400 398 461 ne'c
421 406 640 469 temere
674 399 1023 458 credendum
1055 417 1164 457 nec
1190 395 1617 497 aspernandum
1644 405 1826 472 ratus,
1867 418 1944 458 ne
1977 419 2063 459 re-

291 498 522 576 pudiati
565 503 765 575 aperte
805 496 1007 554 hostes
1046 496 1275 568 fierent,
1322 463 1571 572 benigne
1609 513 1792 572 quum
1837 515 2065 574 respon-

289 598 490 666 disset,
522 593 835 666 obsidibus,
877 611 1027 669 quos
1062 592 1300 663 dabant,
1336 591 1587 668 acceptis
1625 597 1687 650 et
1725 599 2063 664 commeatu,

293 712 468 770 quem
511 692 578 750 in
622 691 784 747 viam
824 689 939 766 ipsi
982 688 1337 762 detulerant,
1381 706 1537 760 usus,
1587 706 1953 767 nequaquam
1997 698 2069 749 ut

293 791 452 848 inter
475 793 709 865 pacatos
734 785 1053 862 composito
1084 784 1317 861 agmine
1355 785 1527 843 duces
1562 803 1762 843 eorum
1787 786 2064 864 sequitur.

294 886 562 943 Primum
600 902 807 959 agmen
847 881 1142 958 elephanti
1177 888 1240 939 et
1273 881 1500 958 equites
1533 886 1735 951 erant3
1775 882 1900 959 ipse
1937 889 2070 961 post
2091 908 2115 947 s

292 991 438 1040 cum
469 983 673 1039 robore
720 978 986 1055 peditum
1030 978 1511 1055 circumspectans
1555 978 1836 1037 sollicitus
1877 980 2071 1038 omnia

295 1077 612 1135 incedebat.
695 1076 825 1135 Ubi
857 1076 923 1133 in
964 1075 1360 1151 angustiorem
1396 1074 1557 1133 viam
1590 1081 1653 1132 et
1685 1082 1853 1152 parte
1887 1076 2071 1135 altera
2092 1096 2117 1137 ο

296 1173 615 1231 subiectam
638 1172 774 1248 iugo
799 1171 1040 1248 insuper
1063 1170 1399 1229 imminenti
1422 1178 1665 1228 ventum
1691 1178 1795 1241 est,
1812 1173 2069 1249 undique

298 1290 374 1328 ex
403 1270 631 1327 insidiis
665 1267 914 1340 barbari,
942 1286 981 1326 a
1010 1268 1220 1339 fronte,
1246 1268 1321 1325 ab
1359 1271 1524 1343 tergo
1561 1268 1758 1340 coorti,
1789 1269 2065 1349 com-Qus,

299 1367 524 1425 eminus
569 1371 795 1442 petunt,
845 1383 990 1435 saxa
1039 1364 1303 1441 ingentia
1352 1363 1420 1421 in
1471 1382 1679 1440 agmen
1732 1365 2068 1423 devolvunt.

298 1449 564 1522 Mffiiima
587 1463 663 1519 ab
689 1469 852 1538 tergo
877 1463 969 1519 vis
996 1461 1301 1519 hominum
1324 1461 1583 1536 urgebat.
1667 1460 1745 1518 In
1776 1478 1873 1519 eos
1899 1480 2068 1520 versa
2095 1492 2118 1529 7

299 1558 564 1637 peditum
588 1558 738 1617 acies
764 1559 922 1617 haud
949 1558 1194 1617 dubium
1218 1557 1375 1629 fecit,
1397 1558 1557 1635 quin,
1575 1557 1689 1615 nisi
1716 1558 1947 1616 firmata
1975 1575 2072 1616 ex-

299 1664 488 1715 trema
520 1655 768 1732 agminis
806 1655 1069 1730 fuissent,
1097 1654 1306 1732 ingens
1343 1656 1410 1713 in
1448 1673 1514 1713 eo
1547 1655 1700 1713 saltu
1739 1655 2073 1732 accipienda

299 1755 490 1812 clades
513 1753 707 1813 fuerit.
788 1753 954 1811 Tunc
978 1772 1209 1830 quoque
1248 1751 1323 1810 ad
1359 1763 1687 1811 extremum
1720 1752 1965 1829 periculi
2004 1770 2071 1811 ac
2095 1785 2118 1824 3

300 1869 478 1928 prope
527 1850 842 1928 perniciem
893 1856 1140 1908 ventum
1186 1856 1276 1908 est
1298 1868 1318 1922 3
1375 1866 1529 1922 nam,
1580 1850 1720 1907 dum
1766 1855 2073 1909 cunctatur

301 1948 605 2006 Hannibal
640 1947 948 2006 demittere
987 1964 1195 2023 agmen
1229 1947 1294 2004 in
1328 1946 1638 2022 angustias,
1668 1945 1806 2023 quia
1838 1964 1973 2020 non,
2005 1952 2075 2005 ut

299 2044 423 2120 ipse
448 2045 745 2122 equitibus
769 2042 1036 2119 praesidio
1061 2049 1205 2116 erat,
1235 2042 1322 2100 ita
1345 2043 1640 2120 peditibus
1666 2043 1973 2119 quicquam
1999 2044 2074 2100 ab

300 2124 467 2217 tergo
505 2140 717 2199 auxilii
751 2141 1087 2218 reliquerat,
1115 2146 1479 2198 occursantes
1516 2157 1622 2216 per
1655 2139 1892 2216 obliqua
1915 2156 2073 2198 mon·
2095 2170 2122 2210 9

300 2238 446 2310 tani,
479 2237 808 2312 interrupto
836 2237 1027 2295 medio
1065 2235 1314 2312 agmine,
1344 2236 1503 2292 viam
1537 2235 1814 2308 insedere,
1841 2254 2076 2313 noxque

302 2351 424 2390 una
449 2333 777 2390 Hannibali
801 2334 928 2391 sine
953 2333 1249 2410 equitibus
1284 2338 1461 2407 atque
1487 2331 1920 2406 impedimentis
1946 2339 2076 2391 acta
2225 2318 2284 2399 k

304 2434 410 2486 est.
494 2429 737 2487 Postero
782 2430 895 2502 die,
937 2431 1059 2487 iam
1105 2429 1339 2504 segnius
1384 2429 1904 2486 intercursantibus
1952 2430 2076 2487 bar-
2098 2446 2173 2504 35

303 2524 475 2597 baris,
507 2527 718 2582 iunctae
751 2526 945 2602 copim,
973 2526 1272 2600 saltusque
1304 2524 1462 2583 haud
1497 2525 1623 2584 sine
1655 2524 1833 2598 clade,
1861 2526 2078 2604 maiore

302 2629 500 2678 tamen
539 2620 934 2678 iumentorum
973 2640 1149 2697 quam
1187 2620 1490 2678 hominum
1532 2618 1806 2699 pernicie,
1844 2640 2073 2700 supera-

300 2724 416 2776 tus.
500 2717 650 2775 Inde
690 2718 955 2775 montani
989 2718 1287 2794 pauciores
1325 2718 1443 2776 iam
1478 2725 1540 2777 et
1573 2719 1866 2778 latrocinii
1895 2721 2078 2798 magis

303 2834 478 2890 quam
503 2815 645 2872 belli
671 2830 831 2872 more
858 2815 1293 2886 concursabant,
1319 2816 1492 2873 modo
1517 2816 1583 2874 in
1608 2818 1877 2893 primum,
1905 2818 2076 2875 modo
2098 2860 2122 2887 2

302 2911 370 2969 in
405 2912 788 2969 novissimum
824 2929 1050 2987 agmen,
1090 2917 1386 2988 utcunque
1420 2918 1525 2972 aut
1558 2913 1717 2972 locus
1745 2914 2078 2990 opportuni-

303 3013 489 3067 tatem
515 3009 680 3066 daret
707 3013 812 3065 aut
829 3008 1114 3084 progressi
1139 3009 1422 3067 morative
1447 3009 1704 3087 aliquam
1722 3010 2074 3068 occasionem

301 3105 587 3165 fecissent.
663 3105 981 3182 Elephanti
1007 3105 1161 3164 sicut
1183 3124 1289 3183 per
1314 3113 1471 3164 artas
1497 3108 1925 3184 praecipitesque
1950 3108 2074 3167 vias
2098 3134 2123 3173 ³

300 3220 511 3278 magna
537 3221 701 3260 mora
725 3203 1063 3312 agebantur,
1086 3202 1173 3261 ita
1191 3209 1392 3261 tutum
1418 3204 1493 3260 ab
1521 3203 1799 3276 hostibus,
1826 3223 2082 3281 quacun

305 3315 419 3374 que
450 3297 796 3370 incederent,
827 3298 967 3374 quia
1003 3298 1252 3357 insuetis
1291 3299 1546 3357 adeundi
1589 3301 1829 3378 propius
1884 3307 2076 3413 metus

305 3398 448 3469 erat,
474 3412 684 3470 agmen
707 3395 1056 3469 praebebant.
