2375 3842
326 242 363 299 8
1104 240 1203 297 LI
1211 239 1338 299 VII

325 406 468 465 gens
502 386 866 460 imminebat,
895 393 958 445 et
996 407 1217 462 murus,
1245 395 1318 447 ut
1355 389 1423 447 in
1456 396 1724 466 suspecto
1755 390 1900 463 loco,
1938 409 2117 468 supra

263 488 288 547 ί
328 491 533 543 ceterae
572 485 811 542 modum
852 484 1185 542 altitudinis
1226 487 1524 544 emunitus
1555 477 1796 557 erat‚)et
1835 485 2116 546 iuventus

328 581 569 653 delecta,
598 581 702 638 ubi
727 581 1046 657 plurimum
1072 582 1318 659 periculi
1338 602 1405 640 ac
1424 583 1652 640 timoris
1678 582 2112 658 ostendebatur,

277 670 305 735 ε’
327 679 412 737 ibi
439 678 500 736 vi
536 677 754 735 maiore
790 678 1165 736 obsistebant.
1251 680 1346 737 Ac
1381 679 1571 757 primo
1609 679 1929 738 missilibus
1960 699 2112 738 sum-

327 793 559 832 movere
587 775 813 832 hostem
838 794 947 832 nec
973 775 1286 852 quicquam
1314 776 1457 833 satis
1482 781 1681 834 tutum
1709 776 2113 835 munientibus

327 871 488 948 pati;
530 871 739 929 deinde
774 871 893 930 iam
929 892 1048 929 non
1080 892 1187 949 pro
1223 874 1511 931 moenibus
1544 874 1715 931 modo
1750 879 1927 950 atque
1958 873 2114 931 turri

327 968 448 1026 tela
489 967 720 1039 micare,
762 969 867 1026 sed
907 970 984 1026 ad
1026 970 1447 1047 erumpendum
1496 969 1674 1028 etiam
1720 970 1787 1030 in
1826 971 2111 1028 stationes

277 1096 302 1133 9
330 1084 616 1143 operaque
662 1065 919 1124 hostium
962 1067 1194 1124 animus
1239 1073 1400 1140 erat;
1447 1067 1662 1143 quibus
1707 1066 2113 1125 tumultuariis

329 1163 743 1221 certaminibus
788 1163 945 1220 haud
993 1163 1176 1221 ferme
1229 1164 1425 1240 plures
1474 1164 1787 1240 Saguntini
1827 1165 2112 1222 cadebant

254 1292 301 1319 ιο
329 1278 503 1336 quam
558 1259 742 1317 Poeni.
829 1259 923 1318 Ut
962 1279 1101 1317 vero
1144 1259 1454 1318 Hannibal
1495 1260 1637 1338 ipse,
1687 1261 1828 1318 dum
1874 1280 2109 1318 murum

327 1356 620 1415 incautius
646 1356 820 1428 subit,
852 1357 1160 1415 adversum
1196 1356 1393 1415 femur
1416 1359 1649 1434 tragula
1673 1358 1936 1434 graviter
1958 1357 2112 1415 ictus

328 1453 553 1527 cecidit,
601 1460 774 1511 tauta
818 1453 971 1511 circa
1021 1453 1165 1530 fuga
1211 1473 1280 1511 ac
1323 1454 1640 1530 trepidatio
1678 1454 1799 1512 fuit
1800 1446 1937 1535 ‚(ut
1987 1473 2110 1511 non

327 1549 582 1607 multum
627 1550 853 1608 abesset
852 1533 1063 1628 Aquin
1110 1570 1286 1626 opera
1331 1570 1400 1608 ac
1443 1551 1629 1608 vineae
1690 1552 2107 1610 desererentur.

140 1648 223 1743 N?
265 1662 301 1717 8
330 1646 573 1706 Obsidio
599 1645 808 1705 deinde
832 1665 938 1723 per
962 1666 1173 1723 paucos
1196 1647 1319 1704 dies
1340 1647 1528 1723 magis
1555 1666 1729 1723 quam
1757 1647 2113 1724 oppugnatio

174 1780 210 1801 fl

146 1812 193 1863 ,ς-

148 1868 182 1909 κ

134 1934 175 1965 Ἡ

160 2038 217 2101 *x-

325 1744 461 1816 fuit,
484 1743 624 1801 dum
651 1744 867 1801 vulnus
893 1744 1057 1802 ducis
1082 1750 1418 1802 curaretur·
1401 1763 1565 1821 ,per
1594 1744 1751 1821 quod
1785 1751 2018 1821 tempus
2044 1750 2114 1801 ut

328 1840 494 1918 quies
537 1841 919 1900 certaminum
977 1847 1116 1913 erat,
1167 1841 1257 1899 ita
1307 1841 1382 1898 ab
1429 1848 1716 1919 apparatu
1762 1861 2002 1919 operum
2044 1861 2112 1899 ac

279 1979 301 2005 2
328 1938 724 1997 munitionum
755 1938 906 1995 nihil
940 1946 1244 1996 cessatum.
1328 1938 1542 2014 Itaque
1568 1937 1757 1996 acrius
1784 1939 1856 1996 de
1882 1937 2112 2014 integro

328 2073 411 2113 and
448 2083 527 2122 ΡΡ,
476 2072 607 2113 „md
643 2072 709 2112 ro
709 2041 1028 2144 coortum
1049 2042 1139 2094 est
1160 2036 1397 2108 bellum,
1417 2035 1799 2112 pluribusque
1823 2034 2108 2112 partibus,

328 2120 440 2160 ’Μ
454 2120 697 2169 ugernum.
766 2148 874 2188 mx
907 2129 1327 2208 accipientibus
1353 2131 1704 2207 quibusdam
1740 2144 1920 2208 opera'
1946 2129 2106 2204 locis,

280 2263 302 2299 ³
328 2228 513 2286 vineae
539 2233 739 2305 coeptae
765 2227 862 2305 agi
888 2226 1300 2304 admoverique
1332 2226 1497 2287 aries.
1568 2227 1933 2285 Abundabat
1966 2226 2114 2285 mul

327 2325 584 2383 titudine
623 2325 928 2383 hominum
970 2325 1227 2398 Poenus3
1271 2321 1372 2404 (ad
1407 2330 1642 2381 centum
1683 2323 2112 2401 quinquaginta

279 2449 302 2485 4
327 2421 515 2479 millia
546 2422 819 2480 habuisse
852 2423 919 2479 in
952 2421 1130 2481 armis
1163 2421 1308 2479 satis
1351 2421 1610 2478 creditur
1627 2418 1669 2495 3)
1719 2420 1999 2497 oppidani
2035 2421 2112 2479 ad

329 2519 524 2575 omnia
575 2517 798 2575 tuenda
849 2526 1029 2594 atque
1081 2518 1352 2577 obeunda
1402 2516 1788 2575 multifariam
1842 2517 2113 2603 distineri

279 2644 303 2680 ⁵
329 2614 501 2690 ooepti
524 2619 702 2688 suntj,
742 2630 863 2671 non
889 2615 1257 2673 sufficiebant
1283 2613 1497 2691 itaque.
1584 2614 1716 2672 Iam
1750 2612 2113 2671 feriebantur

329 2710 610 2768 arietibus
645 2710 801 2768 muri
835 2718 1234 2789 quassataeque
1267 2711 1470 2769 multas
1508 2716 1704 2789 partes
1742 2715 1954 2783 erant,
1938 2729 1954 2744 ·
1993 2729 2113 2769 una

330 2806 767 2865 continentibus
805 2806 994 2864 ruinis
1034 2809 1363 2866 nudaverat
1401 2809 1643 2883 urbem;
1683 2812 1805 2865 tres
1842 2806 2112 2883 deinceps

328 2911 538 2977 turres,
568 2910 971 2981 quantumque
1009 2904 1168 2961 inter
1207 2924 1304 2963 eas
1339 2905 1500 2963 muri
1538 2910 1682 2977 erat,
1712 2923 1845 2962 cum
1883 2902 2112 2979 fragore

281 3024 306 3062 ⁶
330 3000 558 3078 ingenti
592 3001 982 3078 prociderunt.
1070 3001 1327 3110 Captum
1365 3000 1645 3078 oppidum
1682 3019 1753 3057 ea
1789 2999 1966 3057 ruina
1997 3018 2113 3057 cre-

331 3098 601 3156 diderant
640 3097 826 3169 Poeni,
855 3117 987 3174 qua,
1017 3097 1184 3156 velut
1230 3097 1284 3156 si
1329 3097 1552 3174 pariter
1590 3103 1869 3173 utrosque
1910 3114 2113 3153 murus

283 3221 307 3259 7
332 3194 590 3268 texisset,
620 3194 707 3253 ita
734 3194 1011 3272 utrinque
1035 3194 1101 3252 ιιι
1126 3212 1385 3271 pugnam
1410 3210 1753 3271 procursum
1778 3196 1883 3249 est.
1938 3190 2113 3249 Nihil

332 3290 729 3349 tumultuariae
774 3311 983 3369 pugnae
1035 3288 1226 3350 simile
1280 3295 1424 3362 erat,
1473 3288 1675 3365 quales
1712 3286 1779 3344 ιιι
1820 3306 2114 3364 oppugna*

336 3389 593 3447 tionibus
638 3388 871 3446 urbium
918 3407 1024 3465 per
1066 3387 1424 3446 occasionem
1465 3384 1651 3462 partis
1696 3383 1938 3441 alterius
1980 3402 2111 3441 con-
