2375 3842
933 243 1195 302 LIBER
1245 242 1422 302 XXI.
1996 242 2073 300 15

275 393 556 465 dirutam,
584 395 815 468 captam
843 390 966 448 fere
1002 395 1191 447 totam
1228 388 1422 460 habet,
1452 385 1680 461 adimit,
1708 405 1876 464 agros
1902 386 2076 445 relin-

277 490 432 567 quit,
488 489 680 546 locum
733 487 1151 563 assignaturus,
1207 485 1275 543 in
1325 503 1445 562 quo
1503 503 1726 542 novum
1791 483 2074 561 oppidum

279 584 593 644 aedificetis.
677 583 915 641 Aurum
949 590 1013 640 et
1050 587 1362 658 argentum
1402 599 1590 654 omne,
1618 580 1919 657 publicum
1959 581 2074 657 pri-

277 686 619 758 vatumque,
665 679 740 737 ad
783 698 845 737 se
890 679 1058 737 iubet
1099 678 1350 753 deferri;
1402 695 1645 753 corpora
1684 684 1898 750 vestra,
1943 696 2075 735 oon-
2099 710 2123 748 ⁷

280 779 489 853 iugum
542 796 610 834 ac
653 776 969 834 liberorum
1023 781 1356 834 vestrorum
1408 781 1605 832 servat
1665 774 1972 847 inviolata,
2021 774 2074 832 si

280 875 534 932 inermes
574 893 707 932 cum
745 872 901 930 binis
928 871 1296 930 vestimentis
1323 870 1521 928 velitis
1558 871 1636 928 ab
1677 869 1939 946 Sagunto
1978 889 2076 929 ex·

283 970 387 1027 ire.
473 969 622 1027 Haec
649 969 841 1027 victor
865 969 1050 1026 hostis
1076 970 1362 1045 imperat3
1402 967 1539 1039 haec,
1567 974 2075 1044 quanquam-sunt
2099 990 2125 1029 s

284 1066 491 1142 gravia
514 1071 692 1141 atque
716 1065 939 1138 acerba,
961 1066 1203 1123 fortuna
1220 1072 1417 1122 vestra
1431 1063 1599 1121 vobis
1626 1063 1848 1123 suadet.
1892 1064 2074 1142 Equi·

284 1163 420 1219 dem
445 1161 605 1220 haud
631 1162 888 1238 despero,
917 1180 1103 1239 quum
1129 1161 1396 1218 omnium
1428 1165 1685 1236 potestas
1710 1160 1766 1218 ei
1792 1161 1952 1219 facta
1972 1160 2068 1233 sit,

285 1257 509 1333 aliquid
535 1277 612 1315 ex
636 1257 730 1315 his
754 1258 929 1316 rebus
955 1258 1330 1315 remissurum
1342 1277 1361 1330 ;
1397 1256 1499 1314 sed
1526 1255 1622 1314 vel
1648 1256 1770 1314 hoec
1795 1257 2122 1332 patienda„

285 1374 490 1413 censeo
542 1357 754 1431 potius,
812 1374 989 1432 quam
1041 1354 1324 1411 trucidari
1385 1372 1625 1430 corpora
1676 1361 1889 1424 vestra,
1943 1354 2074 1430 rapi

288 1451 561 1527 trahique
586 1458 724 1510 ante
752 1470 853 1509 ora
879 1458 1075 1508 vestra
1110 1452 1383 1526 coniuges
1418 1470 1485 1508 ac
1521 1450 1734 1508 liberos
1770 1450 1920 1508 belli·
1943 1450 2073 1509 iure

289 1547 549 1606 sinatis.”

408 1643 510 1702 Ad
536 1643 658 1702 haec
682 1643 973 1701 audienda
1002 1661 1186 1720 quum
1223 1642 1575 1701 circumfusa
1608 1643 1892 1720 paulatim
1929 1645 2076 1702 mul-
2101 1653 2178 1712 14

287 1740 548 1798 titudine
587 1741 946 1817 permixtum
977 1741 1210 1798 senatui
1245 1746 1399 1799 esset
1435 1740 1638 1817 populi
1676 1783 1765 1822 The
1814 1788 1986 1832 capture
2036 1783 2080 1822 ο,

290 1835 617 1909 concilium,
672 1843 912 1913 repente
966 1837 1266 1913 primores,
1320 1839 1637 1896 secessione
1677 1830 1922 1877 smmum.

289 1932 457 2005 facia,
488 1933 832 2010 priusquam
857 1954 1200 2011 responsum
1227 1935 1483 2008 daretur,
1512 1943 1823 2011 argentum
1849 1954 2080 1994 aurum-

290 2046 404 2104 que
426 2047 603 2086 omne
638 2049 715 2087 ex
750 2031 985 2107 publico
1019 2032 1368 2107 privatoque
1392 2032 1460 2089 in
1484 2032 1679 2089 forum
1711 2032 1989 2090 collatum
2014 2031 2081 2089 in

289 2124 487 2200 ignem
512 2126 590 2183 ad
614 2125 676 2183 id
703 2128 921 2204 raptim
935 2126 1155 2184 factum
1177 2128 1567 2200 coniicientes,
1591 2129 1793 2187 eodem
1818 2130 2082 2206 plerique

290 2226 476 2279 semet
521 2222 634 2297 ipsi
679 2223 1210 2299 praecipitaverunt,
1303 2225 1501 2293 Quum
1548 2244 1625 2282 ex
1671 2244 1741 2283 eo
1787 2245 1970 2302 pavor
2014 2244 2081 2283 ac
2105 2266 2129 2293 2

292 2316 606 2393 trepidatio
645 2323 833 2375 totam
871 2319 1077 2377 urbem
1113 2321 1476 2396 pervasisset,
1520 2321 1673 2379 alius
1717 2321 1960 2397 insuper
1992 2329 2083 2379 tu-

291 2412 516 2472 multus
557 2433 635 2472 ex
676 2435 809 2474 arce
854 2416 1109 2478 auditur.
1195 2417 1399 2475 Turris
1440 2418 1545 2476 diu
1584 2425 1856 2495 quassata
1898 2418 2083 2494 proci-

292 2512 476 2583 derat,
522 2529 739 2588 perque
780 2512 1013 2570 ruinam
1067 2515 1196 2571 eius
1244 2514 1448 2571 cohors
1495 2514 1810 2573 Poenorum
1853 2515 2080 2592 impetu

290 2609 446 2666 facto
480 2627 664 2684 quum
696 2608 929 2685 signum
967 2610 1311 2686 imperatori
1349 2610 1620 2685 dedisset,
1649 2613 1934 2670 nudatam
1970 2619 2082 2671 sta-

290 2705 551 2763 tionibus
591 2706 985 2783 custodiisque
1024 2707 1213 2764 solitis
1251 2707 1510 2765 hostium
1550 2728 1672 2767 esse
1712 2711 1933 2782 urbem,
1961 2729 2081 2767 non
2105 2743 2132 2783 3

291 2803 687 2860 cunctandum
732 2803 801 2860 in
845 2804 957 2861 tali
1007 2804 1306 2862 occasione
1351 2811 1517 2863 ratus
1564 2805 1888 2879 Hannibal,
1937 2806 2081 2865 totis

289 2897 517 2957 viribus
542 2918 846 2976 aggressus
870 2900 1076 2957 urbem
1102 2906 1401 2958 momento
1427 2901 1600 2978 cepit,
1629 2901 1797 2978 signo
1824 2903 1979 2975 dato,
2009 2910 2082 2960 ut

283 3013 492 3053 omnes
531 2997 780 3072 puberes
824 2996 1309 3057 interficerentur.
1397 2998 1566 3067 Quod
1601 2998 1916 3075 imperium
1955 3019 2081 3056 cru-

293 3090 434 3163 dele,
467 3099 724 3150 ceterum
750 3111 930 3169 prope
955 3095 1344 3151 necessarium
1381 3094 1681 3169 cognitum
1709 3096 1836 3172 ipso
1863 3101 2080 3153 eventu

292 3194 384 3245 est
401 3209 419 3262 ;
458 3190 554 3247 cui
581 3190 739 3247 enim
775 3190 935 3264 parci
971 3190 1170 3266 potuit
1208 3210 1284 3248 ex
1310 3190 1401 3262 iis,
1432 3190 1538 3266 qui
1573 3198 1681 3248 aut·
1705 3191 1918 3249 inclusi
1945 3211 2077 3250 cum
2102 3227 2130 3267 ⁴

294 3285 634 3361 coniugibus
660 3306 728 3344 ac
754 3286 952 3344 liberis
978 3286 1179 3344 domos
1214 3305 1393 3363 super
1417 3306 1479 3344 se
1504 3286 1660 3363 ipsos
1686 3306 2080 3347 concremave-

294 3387 436 3441 runt
460 3389 565 3441 aut
591 3384 801 3440 armati
828 3382 1060 3440 nullum
1088 3391 1230 3442 ante
1256 3383 1434 3441 finem
1469 3401 1679 3460 pugnae
1707 3403 1883 3460 quam
1909 3384 2082 3442 mori-
