2375 3842
345 240 459 301 140
1118 242 1216 300 LI
1223 242 1349 302 VII

289 419 314 457 ⁷
460 387 716 446 Placatis
751 389 911 463 satis,
945 394 1015 446 ut
1054 389 1351 463 rebantur,
1383 389 1509 447 deis
1533 389 1619 447 M.
1653 388 1934 449 Claudius
1970 391 2122 450 Mar-

338 485 609 564 ?Mm
618 524 737 564 Mu-
773 485 955 543 cellus
975 486 1051 542 ab
1074 485 1244 545 Ostia
1262 486 1423 543 mille
1438 492 1501 543 et
1516 486 1867 564 quingentos
1885 488 2121 560 milites,

336 572 466 656 ἓξὲξ
486 571 731 657 *ἕωαζοῶἰ
769 600 915 660 quos
940 582 1007 639 in
1032 582 1273 640 classem
1299 583 1545 660 scriptos
1563 583 1831 658 habebat,
1851 584 2118 658 Romam,

335 673 432 709 '¹¹¹¹‘
769 685 843 738 ut
893 679 1031 737 urbi
1089 679 1360 757 praesidio
1425 685 1634 754 essent,
1689 681 1884 739 mittit
1903 702 1922 756 3
1978 683 2118 760 ipse,

309 776 559 852 legione
585 776 822 835 classica
847 773 941 854 (ea
965 775 1118 852 legio
1144 776 1323 832 tertia
1354 773 1506 855 erat)
1534 795 1670 833 cum
1692 777 1949 835 tribunis
1973 778 2120 835 mili-

334 880 465 930 tum
510 874 772 931 Teanum
824 872 1152 930 Sidicinum
1204 871 1518 950 praemissa,
1568 873 1749 931 classe
1790 875 2010 934 tradita
2049 875 2113 935 P.

334 971 514 1030 Furio
535 971 710 1030 Philo
736 971 983 1047 collegae,
1001 990 1216 1048 paucos
1240 977 1374 1049 post
1400 971 1524 1029 dies
1546 971 1869 1030 Canusium
1895 974 2120 1049 magnis

256 1086 310 1137 '9
332 1070 643 1128 itineribus
674 1068 991 1128 contendit.
1076 1067 1230 1124 Inde
1266 1068 1519 1126 dictator
1545 1088 1620 1126 ex
1645 1070 1996 1127 auctoritate
2026 1090 2120 1146 pa-

330 1173 492 1225 trum
518 1166 711 1225 dictus
737 1166 824 1224 M.
846 1164 1058 1222 Iunius
1085 1171 1146 1222 et
1165 1165 1227 1222 Τ.
1255 1165 1633 1241 Sempronius
1658 1166 1938 1242 magister
1963 1168 2119 1243 equi-

330 1320 359 1349 *
388 1310 564 1351 dictator
601 1310 729 1351 mae·
768 1268 917 1332 tum,
940 1262 1159 1320 dilectu
1186 1261 1394 1335 edicto,
1417 1262 1675 1319 iuniores
1700 1263 1775 1320 ab
1801 1261 1973 1320 annis
1998 1282 2119 1339 sep-

71 1413 93 1439 .
156 1383 162 1388 ·
327 1358 438 1441 ξῖῗὴ
486 1357 731 1442 1θῇθῆωέ
771 1359 1060 1417 tendecim
1114 1365 1176 1416 et
1229 1359 1510 1435 quosdam
1556 1365 1934 1436 praetextatos
1987 1360 2118 1417 scri-

86 1344 241 1820 }
330 1403 599 1489 eveffivoe.
767 1456 953 1529 bunt3
995 1461 1277 1533 quattuor
1316 1475 1392 1512 ex
1431 1454 1523 1511 his
1561 1454 1817 1531 legiones
1856 1462 1919 1513 et
1956 1456 2118 1514 mille

255 1578 304 1605 10
329 1548 554 1625 equites
596 1549 806 1609 effecti.
908 1548 1068 1607 Item
1113 1550 1188 1606 ad
1232 1548 1417 1606 socios
1464 1547 1862 1625 Latinumque
1903 1568 2117 1607 nomen

328 1644 404 1700 ad
429 1643 648 1701 milites
675 1663 750 1701 ex
774 1644 1025 1702 formula
1051 1643 1412 1719 accipiendos
1431 1643 1696 1701 mittunt.
1753 1644 1962 1717 Arma,
1980 1645 2115 1716 tela,

329 1738 447 1795 alia
478 1740 676 1815 parari
706 1724 919 1797 iubent
952 1747 1013 1797 et
1047 1745 1250 1797 vetera
1286 1740 1472 1816 spolia
1505 1740 1765 1799 hostium
1796 1742 2118 1800 detrahunt

255 1870 300 1896 11
328 1836 563 1913 templis
588 1836 1035 1914 porticibusque.
1118 1835 1201 1893 Et
1228 1836 1407 1893 aliam
1432 1837 1678 1895 formam
1704 1839 1844 1895 novi
1870 1838 2119 1896 dilectus

327 1931 527 2009 inopia
553 1932 873 1990 liberorum
898 1932 1156 2009 capitum
1182 1952 1251 1989 ac
1277 1933 1589 1991 necessitas
1614 1933 1777 1991 dedit
1784 1956 1803 2009 3
1832 1940 1962 1992 octo
1990 1933 2118 1992 mil-

325 2028 408 2087 lia
445 2030 727 2087 iuvenum
757 2029 1081 2087 validorum
1121 2047 1200 2087 ex
1238 2030 1511 2102 servitiis,
1552 2030 1715 2106 prius
1754 2031 2118 2093 sciscitantes

326 2126 600 2204 singulos,
630 2126 927 2184 vellentne
952 2124 1223 2198 militare,
1248 2131 1446 2202 empta
1469 2126 1701 2203 publice
1720 2134 2114 2187 armaverunt.

251 2256 300 2283 12
325 2222 447 2281 Hic
473 2223 641 2281 miles
665 2221 850 2299 magis
868 2221 1107 2298 placuit,
1133 2239 1318 2299 quum
1332 2223 1523 2301 pretio
1540 2222 1764 2280 minore
1790 2223 2119 2285 redimendi

326 2321 587 2398 captivos
614 2318 782 2397 copia
807 2319 987 2376 fieret.

206 2411 417 2474 ,be-‘-
443 2419 717 2494 Namque
762 2417 1071 2476 Hannibal
1117 2418 1436 2477 secundum
1480 2423 1604 2474 tam
1648 2436 1986 2495 prosperam
2039 2421 2117 2478 ad

222 2541 260 2593 χ·
323 2536 534 2575 Hannibal
598 2534 720 2574 offers
760 2512 993 2571 Cannas
1028 2533 1286 2590 pugnam
1311 2512 1553 2570 victoris
1578 2511 1764 2588 magis
1790 2533 1966 2590 qua-m
1998 2516 2119 2575 bel-

109 2511 232 2685 ξ’
271 2644 295 2670 2
321 2586 451 2667 {3¹⁹3}ss
466 2582 720 2675 {251st
757 2608 883 2666 lum
920 2610 1177 2686 gerentis
1217 2610 1485 2666 intentus
1527 2609 1700 2682 curis,
1742 2630 1943 2687 quum,
1987 2631 2118 2689 cap-

124 2727 170 2782 (
320 2705 460 2763 tivis
491 2705 789 2782 productis
826 2707 1270 2783 segregatisque,
1306 2706 1502 2779 socios,
1535 2706 1687 2764 sicut
1713 2714 1850 2767 ante
1877 2709 1952 2766 ad
1979 2710 2118 2768 Tre-

120 2755 221 2861 *ds
319 2802 477 2859 biam
517 2800 1097 2878 Trasumennumque
1137 2803 1345 2875 lacum,
1375 2801 1627 2879 benigne
1662 2803 1950 2862 allocutus
1986 2806 2120 2864 sine

316 2899 506 2977 pretio
533 2898 865 2972 dimisisset,
894 2899 1195 2957 Romanos
1232 2917 1461 2975 quoque
1489 2904 1740 2970 vocatOS,
1772 2901 1928 2974 quod
1964 2920 2116 2958 nun-

268 3030 293 3067 3
318 3016 492 3074 quam
531 2996 679 3054 alias
718 3003 909 3068 antea,
939 2996 1081 3053 satis
1120 2996 1257 3053 miti
1295 3014 1560 3053 sermone
1595 2993 1950 3071 alloquitur:
1991 3017 2119 3055 non

315 3091 745 3150 internecivum
785 3091 898 3148 sibi
937 3110 1062 3149 esse
1101 3110 1236 3148 cum
1265 3091 1548 3149 Romanis
1586 3090 1807 3148 bellum
1831 3112 1847 3164 3
1891 3092 1963 3149 de
1991 3092 2119 3170 dig-

317 3185 506 3243 nitate
544 3191 724 3261 atque
765 3186 1010 3262 imperio
1052 3171 1288 3244 certare.
1375 3185 1459 3243 Et
1501 3191 1699 3262 patres
1738 3185 1957 3245 virtuti
1994 3185 2120 3245 Ro-

319 3301 506 3339 manae
545 3283 782 3341 cessisse
815 3290 878 3342 et
911 3302 972 3341 se
1007 3283 1070 3340 id
1103 3284 1312 3356 anniti,
1342 3288 1413 3341 ut
1448 3302 1567 3341 suae
1602 3283 1668 3339 in
1704 3284 1892 3341 vicem
1933 3284 2119 3344 simul

269 3406 295 3445 ⁴
323 3377 591 3437 felicitati
627 3384 687 3437 et
711 3379 926 3442 virtuti
962 3380 1217 3439 cedatur.
1301 3379 1513 3456 Itaque
1544 3378 1870 3439 redimendi
1894 3398 1956 3439 se
1982 3399 2120 3458 cap—
