<?xml version="1.0" encoding="UTF-8"?>
<!DOCTYPE html PUBLIC "-//W3C//DTD XHTML 1.0 Transitional//EN"
    "http://www.w3.org/TR/xhtml1/DTD/xhtml1-transitional.dtd">
<html xmlns="http://www.w3.org/1999/xhtml" xml:lang="en" lang="en">
 <head>
  <title>
</title>
<meta http-equiv="Content-Type" content="text/html;charset=utf-8" />
  <meta name='ocr-system' content='tesseract 3.04.00' />
  <meta name='ocr-capabilities' content='ocr_page ocr_carea ocr_par ocr_line ocrx_word'/>
</head>
<body>
  <div class='ocr_page' id='page_1' title='image "./livybooksxxiand02capegoog_0197.png"; bbox 0 0 2375 3842; ppageno 0'>
   <div class='ocr_carea' id='block_1_1' title="bbox 897 224 2051 286">
    <p class='ocr_par' dir='ltr' id='par_1_1' title="bbox 897 224 2051 286">
     <span class='ocr_line' id='line_1_1' title="bbox 897 224 2051 286; baseline 0.002 -2"><span class='ocrx_word' id='word_1_1' title='bbox 897 224 1158 286; x_wconf 76' lang='lat' dir='ltr'><em>LIBER</em></span> <span class='ocrx_word' id='word_1_2' title='bbox 1207 224 1419 286; x_wconf 81' lang='lat' dir='ltr'><strong><em>XXII.</em></strong></span> <span class='ocrx_word' id='word_1_3' title='bbox 1969 226 2051 286; x_wconf 77' lang='lat'><strong>95</strong></span> 
     </span>
    </p>
   </div>
   <div class='ocr_carea' id='block_1_2' title="bbox 249 373 2149 3359">
    <p class='ocr_par' dir='ltr' id='par_1_2' title="bbox 251 373 2099 938">
     <span class='ocr_line' id='line_1_2' title="bbox 256 373 2099 456; baseline 0.002 -21"><span class='ocrx_word' id='word_1_4' title='bbox 256 375 355 435; x_wconf 87' lang='lat' dir='ltr'><strong>Ex</strong></span> <span class='ocrx_word' id='word_1_5' title='bbox 388 374 654 454; x_wconf 81' lang='lat' dir='ltr'><strong>Pelignis</strong></span> <span class='ocrx_word' id='word_1_6' title='bbox 691 375 914 436; x_wconf 84' lang='lat' dir='ltr'><strong>Poenus</strong></span> <span class='ocrx_word' id='word_1_7' title='bbox 950 376 1123 437; x_wconf 82' lang='lat' dir='ltr'><strong>flexit</strong></span> <span class='ocrx_word' id='word_1_8' title='bbox 1158 377 1292 450; x_wconf 86' lang='lat' dir='ltr'><strong>iter,</strong></span> <span class='ocrx_word' id='word_1_9' title='bbox 1335 384 1607 456; x_wconf 87' lang='lat' dir='ltr'><strong>retroque</strong></span> <span class='ocrx_word' id='word_1_10' title='bbox 1644 373 1932 453; x_wconf 75' lang='lat' dir='ltr'>Apuliam</span> <span class='ocrx_word' id='word_1_11' title='bbox 1967 393 2052 434; x_wconf 85' lang='lat' dir='ltr'><strong>re·</strong></span> <span class='ocrx_word' id='word_1_12' title='bbox 2075 399 2099 438; x_wconf 88' lang='lat'><em>7</em></span> 
     </span>
     <span class='ocr_line' id='line_1_3' title="bbox 253 470 2052 552; baseline -0.001 -21"><span class='ocrx_word' id='word_1_13' title='bbox 253 478 459 549; x_wconf 87' lang='lat' dir='ltr'><strong>petens</strong></span> <span class='ocrx_word' id='word_1_14' title='bbox 483 471 840 532; x_wconf 78' lang='lat' dir='ltr'>Gereonium</span> <span class='ocrx_word' id='word_1_15' title='bbox 865 473 1152 552; x_wconf 84' lang='lat' dir='ltr'><strong>pervenit,</strong></span> <span class='ocrx_word' id='word_1_16' title='bbox 1180 474 1388 533; x_wconf 88' lang='lat' dir='ltr'><strong>urbem</strong></span> <span class='ocrx_word' id='word_1_17' title='bbox 1418 480 1601 548; x_wconf 81' lang='lat' dir='ltr'><strong>metu,</strong></span> <span class='ocrx_word' id='word_1_18' title='bbox 1628 473 1768 551; x_wconf 81' lang='lat' dir='ltr'><strong>quia</strong></span> <span class='ocrx_word' id='word_1_19' title='bbox 1794 470 2052 549; x_wconf 75' lang='lat' dir='ltr'><strong>collapsa.</strong></span> 
     </span>
     <span class='ocr_line' id='line_1_4' title="bbox 255 568 2099 647; baseline -0.003 -19"><span class='ocrx_word' id='word_1_20' title='bbox 255 569 444 629; x_wconf 85' lang='lat' dir='ltr'><strong>ruinis</strong></span> <span class='ocrx_word' id='word_1_21' title='bbox 474 589 610 647; x_wconf 78' lang='lat' dir='ltr'><strong>pars</strong></span> <span class='ocrx_word' id='word_1_22' title='bbox 647 569 931 630; x_wconf 83' lang='lat' dir='ltr'><strong>moenium</strong></span> <span class='ocrx_word' id='word_1_23' title='bbox 977 577 1123 646; x_wconf 73' lang='lat' dir='ltr'><strong>erat,</strong></span> <span class='ocrx_word' id='word_1_24' title='bbox 1162 572 1241 630; x_wconf 75' lang='lat' dir='ltr'><strong>ab</strong></span> <span class='ocrx_word' id='word_1_25' title='bbox 1279 572 1405 631; x_wconf 89' lang='lat' dir='ltr'><strong>suis</strong></span> <span class='ocrx_word' id='word_1_26' title='bbox 1438 572 1762 643; x_wconf 63' lang='lat' dir='ltr'><strong>desei-tem3</strong></span> <span class='ocrx_word' id='word_1_27' title='bbox 1801 568 2099 628; x_wconf 67' lang='lat' dir='ltr'><strong>dictatore</strong></span> 
     </span>
     <span class='ocr_line' id='line_1_5' title="bbox 252 663 2052 747; baseline 0.002 -25"><span class='ocrx_word' id='word_1_28' title='bbox 252 664 320 722; x_wconf 91' lang='lat' dir='ltr'><strong>in</strong></span> <span class='ocrx_word' id='word_1_29' title='bbox 345 663 626 724; x_wconf 76' lang='lat' dir='ltr'><strong>Larinate</strong></span> <span class='ocrx_word' id='word_1_30' title='bbox 649 684 791 744; x_wconf 73' lang='lat' dir='ltr'><strong>agro</strong></span> <span class='ocrx_word' id='word_1_31' title='bbox 816 672 1009 725; x_wconf 76' lang='lat' dir='ltr'><strong>castra</strong></span> <span class='ocrx_word' id='word_1_32' title='bbox 1026 666 1387 728; x_wconf 76' lang='lat' dir='ltr'><strong>communiit.</strong></span> <span class='ocrx_word' id='word_1_33' title='bbox 1462 666 1614 726; x_wconf 89' lang='lat' dir='ltr'><strong>Inde</strong></span> <span class='ocrx_word' id='word_1_34' title='bbox 1651 704 2052 747; x_wconf 51' lang='lat' dir='ltr'><strong>mmmm</strong></span> 
     </span>
     <span class='ocr_line' id='line_1_6' title="bbox 252 751 2054 839; baseline 0.003 -19"><span class='ocrx_word' id='word_1_35' title='bbox 252 780 547 820; x_wconf 75' lang='lat' dir='ltr'><strong>sacrorum</strong></span> <span class='ocrx_word' id='word_1_36' title='bbox 594 781 768 823; x_wconf 79' lang='lat' dir='ltr'><strong>causs.</strong></span> <span class='ocrx_word' id='word_1_37' title='bbox 819 762 1073 822; x_wconf 76' lang='lat' dir='ltr'><strong>Romam</strong></span> <span class='ocrx_word' id='word_1_38' title='bbox 1117 769 1443 838; x_wconf 71' lang='lat' dir='ltr'><strong>revocatus,</strong></span> <span class='ocrx_word' id='word_1_39' title='bbox 1486 783 1609 823; x_wconf 89' lang='lat' dir='ltr'><strong>non</strong></span> <span class='ocrx_word' id='word_1_40' title='bbox 1647 751 1861 839; x_wconf 40' lang='lat'><strong>3¹3⁸&amp;</strong></span> <span class='ocrx_word' id='word_1_41' title='bbox 1875 751 2054 838; x_wconf 45' lang='lat' dir='ltr'><strong>{¹23⁸ss</strong></span> 
     </span>
     <span class='ocr_line' id='line_1_7' title="bbox 251 842 1786 938; baseline 0.004 -24"><span class='ocrx_word' id='word_1_42' title='bbox 251 856 498 935; x_wconf 89' lang='lat' dir='ltr'><strong>imperio</strong></span> <span class='ocrx_word' id='word_1_43' title='bbox 523 858 713 933; x_wconf 86' lang='lat' dir='ltr'><strong>modo,</strong></span> <span class='ocrx_word' id='word_1_44' title='bbox 733 859 839 918; x_wconf 89' lang='lat' dir='ltr'><strong>sed</strong></span> <span class='ocrx_word' id='word_1_45' title='bbox 863 859 1106 918; x_wconf 90' lang='lat' dir='ltr'><strong>consilio</strong></span> <span class='ocrx_word' id='word_1_46' title='bbox 1132 859 1312 919; x_wconf 76' lang='lat' dir='ltr'><strong>etiam</strong></span> <span class='ocrx_word' id='word_1_47' title='bbox 1337 879 1406 919; x_wconf 77' lang='lat' dir='ltr'><strong>sc</strong></span> <span class='ocrx_word' id='word_1_48' title='bbox 1426 879 1609 938; x_wconf 86' lang='lat' dir='ltr'><strong>prope</strong></span> <span class='ocrx_word' id='word_1_49' title='bbox 1648 842 1786 884; x_wconf 58' lang='grc' dir='ltr'>ω</span> 
     </span>
    </p>

    <p class='ocr_par' dir='ltr' id='par_1_3' title="bbox 249 955 2125 1811">
     <span class='ocr_line' id='line_1_8' title="bbox 251 955 2098 1036; baseline 0.004 -23"><span class='ocrx_word' id='word_1_50' title='bbox 251 955 522 1032; x_wconf 85' lang='lat' dir='ltr'><strong>precibus</strong></span> <span class='ocrx_word' id='word_1_51' title='bbox 547 975 726 1034; x_wconf 81' lang='lat' dir='ltr'><strong>agens</strong></span> <span class='ocrx_word' id='word_1_52' title='bbox 759 975 895 1015; x_wconf 90' lang='lat' dir='ltr'><strong>cum</strong></span> <span class='ocrx_word' id='word_1_53' title='bbox 929 956 1212 1035; x_wconf 81' lang='lat' dir='ltr'><strong>magistro</strong></span> <span class='ocrx_word' id='word_1_54' title='bbox 1236 957 1528 1036; x_wconf 86' lang='lat' dir='ltr'><strong>equitum,</strong></span> <span class='ocrx_word' id='word_1_55' title='bbox 1555 963 1626 1016; x_wconf 83' lang='lat' dir='ltr'><strong>ut</strong></span> <span class='ocrx_word' id='word_1_56' title='bbox 1649 957 1786 1035; x_wconf 88' lang='lat' dir='ltr'><strong>plus</strong></span> <span class='ocrx_word' id='word_1_57' title='bbox 1809 957 2050 1017; x_wconf 89' lang='lat' dir='ltr'><strong>oonsilio</strong></span> <span class='ocrx_word' id='word_1_58' title='bbox 2073 985 2098 1022; x_wconf 87' lang='lat'><strong>9</strong></span> 
     </span>
     <span class='ocr_line' id='line_1_9' title="bbox 250 1052 2051 1133; baseline 0.002 -23"><span class='ocrx_word' id='word_1_59' title='bbox 250 1070 430 1129; x_wconf 77' lang='lat' dir='ltr'><strong>quam</strong></span> <span class='ocrx_word' id='word_1_60' title='bbox 455 1052 709 1112; x_wconf 71' lang='lat' dir='ltr'><strong>fortunae</strong></span> <span class='ocrx_word' id='word_1_61' title='bbox 746 1053 1003 1113; x_wconf 77' lang='lat' dir='ltr'><strong>confidat</strong></span> <span class='ocrx_word' id='word_1_62' title='bbox 1027 1060 1093 1114; x_wconf 83' lang='lat' dir='ltr'><strong>et</strong></span> <span class='ocrx_word' id='word_1_63' title='bbox 1126 1073 1190 1114; x_wconf 89' lang='lat' dir='ltr'><strong>se</strong></span> <span class='ocrx_word' id='word_1_64' title='bbox 1222 1054 1421 1132; x_wconf 86' lang='lat' dir='ltr'><strong>potius</strong></span> <span class='ocrx_word' id='word_1_65' title='bbox 1453 1055 1662 1113; x_wconf 90' lang='lat' dir='ltr'><strong>ducem</strong></span> <span class='ocrx_word' id='word_1_66' title='bbox 1686 1073 1867 1133; x_wconf 77' lang='lat' dir='ltr'><strong>quam</strong></span> <span class='ocrx_word' id='word_1_67' title='bbox 1893 1053 2051 1114; x_wconf 84' lang='lat' dir='ltr'><strong>Sem·</strong></span> 
     </span>
     <span class='ocr_line' id='line_1_10' title="bbox 251 1149 2052 1229; baseline 0.003 -23"><span class='ocrx_word' id='word_1_68' title='bbox 251 1149 523 1224; x_wconf 88' lang='lat' dir='ltr'><strong>pronium</strong></span> <span class='ocrx_word' id='word_1_69' title='bbox 556 1149 1032 1229; x_wconf 80' lang='lat' dir='ltr'><strong>Flaminiumque</strong></span> <span class='ocrx_word' id='word_1_70' title='bbox 1068 1150 1377 1211; x_wconf 74' lang='lat' dir='ltr'><strong>imitetur:</strong></span> <span class='ocrx_word' id='word_1_71' title='bbox 1418 1169 1496 1210; x_wconf 91' lang='lat' dir='ltr'><strong>ne</strong></span> <span class='ocrx_word' id='word_1_72' title='bbox 1521 1149 1675 1209; x_wconf 85' lang='lat' dir='ltr'><strong>nihil</strong></span> <span class='ocrx_word' id='word_1_73' title='bbox 1699 1156 1899 1210; x_wconf 76' lang='lat' dir='ltr'><strong>sctum</strong></span> <span class='ocrx_word' id='word_1_74' title='bbox 1923 1169 2052 1211; x_wconf 88' lang='lat' dir='ltr'><strong>cen-</strong></span> 
     </span>
     <span class='ocr_line' id='line_1_11' title="bbox 251 1246 2048 1326; baseline 0.001 -21"><span class='ocrx_word' id='word_1_75' title='bbox 251 1252 406 1305; x_wconf 81' lang='lat' dir='ltr'><strong>seret</strong></span> <span class='ocrx_word' id='word_1_76' title='bbox 444 1252 709 1305; x_wconf 64' lang='lat' dir='ltr'><strong>extincta</strong></span> <span class='ocrx_word' id='word_1_77' title='bbox 742 1267 924 1326; x_wconf 88' lang='lat' dir='ltr'><strong>prope</strong></span> <span class='ocrx_word' id='word_1_78' title='bbox 958 1253 1161 1307; x_wconf 70' lang='lat' dir='ltr'><strong>aestate</strong></span> <span class='ocrx_word' id='word_1_79' title='bbox 1200 1267 1308 1326; x_wconf 85' lang='lat' dir='ltr'><strong>per</strong></span> <span class='ocrx_word' id='word_1_80' title='bbox 1341 1247 1803 1307; x_wconf 62' lang='lat' dir='ltr'><strong>ludificationem</strong></span> <span class='ocrx_word' id='word_1_81' title='bbox 1828 1246 2048 1322; x_wconf 79' lang='lat' dir='ltr'><strong>hostis3</strong></span> 
     </span>
     <span class='ocr_line' id='line_1_12' title="bbox 249 1333 2050 1422; baseline 0.002 -22"><span class='ocrx_word' id='word_1_82' title='bbox 249 1341 504 1402; x_wconf 87' lang='lat' dir='ltr'><strong>medicos</strong></span> <span class='ocrx_word' id='word_1_83' title='bbox 538 1362 774 1421; x_wconf 90' lang='lat' dir='ltr'><strong>quoque</strong></span> <span class='ocrx_word' id='word_1_84' title='bbox 808 1343 942 1422; x_wconf 88' lang='lat' dir='ltr'><strong>plus</strong></span> <span class='ocrx_word' id='word_1_85' title='bbox 970 1333 1274 1402; x_wconf 80' lang='lat' dir='ltr'><strong>interdum</strong></span> <span class='ocrx_word' id='word_1_86' title='bbox 1312 1343 1511 1422; x_wconf 88' lang='lat' dir='ltr'><strong>quiete</strong></span> <span class='ocrx_word' id='word_1_87' title='bbox 1549 1363 1729 1422; x_wconf 72' lang='lat' dir='ltr'><strong>quam</strong></span> <span class='ocrx_word' id='word_1_88' title='bbox 1764 1343 2050 1403; x_wconf 82' lang='lat' dir='ltr'><strong>movendo</strong></span> 
     </span>
     <span class='ocr_line' id='line_1_13' title="bbox 251 1439 2125 1519; baseline -0.001 -22"><span class='ocrx_word' id='word_1_89' title='bbox 251 1446 430 1516; x_wconf 84' lang='lat' dir='ltr'><strong>atque</strong></span> <span class='ocrx_word' id='word_1_90' title='bbox 448 1440 671 1517; x_wconf 77' lang='lat' dir='ltr'><strong>agendo</strong></span> <span class='ocrx_word' id='word_1_91' title='bbox 689 1442 994 1518; x_wconf 82' lang='lat' dir='ltr'><strong>proficere3</strong></span> <span class='ocrx_word' id='word_1_92' title='bbox 1031 1440 1189 1500; x_wconf 77' lang='lat' dir='ltr'><strong>haud</strong></span> <span class='ocrx_word' id='word_1_93' title='bbox 1210 1460 1450 1519; x_wconf 71' lang='lat' dir='ltr'><strong>parvam</strong></span> <span class='ocrx_word' id='word_1_94' title='bbox 1472 1459 1599 1500; x_wconf 87' lang='lat' dir='ltr'><strong>rem</strong></span> <span class='ocrx_word' id='word_1_95' title='bbox 1623 1459 1747 1500; x_wconf 82' lang='lat' dir='ltr'><strong>esse</strong></span> <span class='ocrx_word' id='word_1_96' title='bbox 1772 1440 1848 1498; x_wconf 77' lang='lat' dir='ltr'><strong>ab</strong></span> <span class='ocrx_word' id='word_1_97' title='bbox 1873 1439 2050 1500; x_wconf 81' lang='lat' dir='ltr'><strong>toties</strong></span> <span class='ocrx_word' id='word_1_98' title='bbox 2076 1468 2125 1495; x_wconf 76' lang='grc' dir='ltr'><strong><em>ω</em></strong></span> 
     </span>
     <span class='ocr_line' id='line_1_14' title="bbox 249 1536 2051 1597; baseline 0.001 -3"><span class='ocrx_word' id='word_1_99' title='bbox 249 1537 475 1595; x_wconf 78' lang='lat' dir='ltr'><strong>victore</strong></span> <span class='ocrx_word' id='word_1_100' title='bbox 500 1537 666 1596; x_wconf 83' lang='lat' dir='ltr'><strong>hoste</strong></span> <span class='ocrx_word' id='word_1_101' title='bbox 691 1537 854 1596; x_wconf 85' lang='lat' dir='ltr'><strong>vinci</strong></span> <span class='ocrx_word' id='word_1_102' title='bbox 891 1536 1107 1596; x_wconf 63' lang='lat' dir='ltr'><strong>dedsse</strong></span> <span class='ocrx_word' id='word_1_103' title='bbox 1140 1543 1205 1597; x_wconf 81' lang='lat' dir='ltr'><strong>et</strong></span> <span class='ocrx_word' id='word_1_104' title='bbox 1230 1536 1306 1595; x_wconf 72' lang='lat' dir='ltr'><strong>ab</strong></span> <span class='ocrx_word' id='word_1_105' title='bbox 1333 1536 1629 1596; x_wconf 77' lang='lat' dir='ltr'><strong>continuis</strong></span> <span class='ocrx_word' id='word_1_106' title='bbox 1662 1536 1928 1596; x_wconf 73' lang='lat' dir='ltr'><strong>cladibus</strong></span> <span class='ocrx_word' id='word_1_107' title='bbox 1964 1555 2051 1595; x_wconf 84' lang='lat' dir='ltr'><strong>re-</strong></span> 
     </span>
     <span class='ocr_line' id='line_1_15' title="bbox 251 1633 2049 1714; baseline 0.001 -22"><span class='ocrx_word' id='word_1_108' title='bbox 251 1634 719 1711; x_wconf 55' lang='lat' dir='ltr'><strong>spirassQ—haec</strong></span> <span class='ocrx_word' id='word_1_109' title='bbox 734 1634 1120 1714; x_wconf 76' lang='lat' dir='ltr'><strong>nequicquam</strong></span> <span class='ocrx_word' id='word_1_110' title='bbox 1127 1635 1473 1713; x_wconf 73' lang='lat' dir='ltr'><strong>praemonito</strong></span> <span class='ocrx_word' id='word_1_111' title='bbox 1487 1633 1767 1713; x_wconf 77' lang='lat' dir='ltr'><strong>magistro</strong></span> <span class='ocrx_word' id='word_1_112' title='bbox 1781 1633 2049 1713; x_wconf 72' lang='lat' dir='ltr'><strong>equitum</strong></span> 
     </span>
     <span class='ocr_line' id='line_1_16' title="bbox 252 1730 965 1811; baseline 0.004 -22"><span class='ocrx_word' id='word_1_113' title='bbox 252 1730 505 1791; x_wconf 74' lang='lat' dir='ltr'><strong>Romam</strong></span> <span class='ocrx_word' id='word_1_114' title='bbox 530 1738 623 1791; x_wconf 81' lang='lat' dir='ltr'><strong>est</strong></span> <span class='ocrx_word' id='word_1_115' title='bbox 647 1732 965 1811; x_wconf 82' lang='lat' dir='ltr'><strong>profectus.</strong></span> 
     </span>
    </p>

    <p class='ocr_par' dir='ltr' id='par_1_4' title="bbox 251 1827 2149 3359">
     <span class='ocr_line' id='line_1_17' title="bbox 371 1827 2149 1908; baseline 0.002 -22"><span class='ocrx_word' id='word_1_116' title='bbox 371 1827 670 1906; x_wconf 86' lang='lat' dir='ltr'><strong>Principio</strong></span> <span class='ocrx_word' id='word_1_117' title='bbox 695 1829 932 1905; x_wconf 73' lang='lat' dir='ltr'><strong>aestatis,</strong></span> <span class='ocrx_word' id='word_1_118' title='bbox 962 1848 1082 1907; x_wconf 75' lang='lat' dir='ltr'><strong>qus</strong></span> <span class='ocrx_word' id='word_1_119' title='bbox 1105 1830 1229 1889; x_wconf 73' lang='lat' dir='ltr'><strong>haeo</strong></span> <span class='ocrx_word' id='word_1_120' title='bbox 1247 1830 1629 1907; x_wconf 60' lang='lat' dir='ltr'><strong>gerebantur,</strong></span> <span class='ocrx_word' id='word_1_121' title='bbox 1659 1829 1726 1887; x_wconf 90' lang='lat' dir='ltr'><strong>in</strong></span> <span class='ocrx_word' id='word_1_122' title='bbox 1752 1827 2049 1908; x_wconf 65' lang='lat' dir='ltr'><strong>Hispanis</strong></span> <span class='ocrx_word' id='word_1_123' title='bbox 2074 1832 2149 1890; x_wconf 88' lang='grc'><strong>19</strong></span> 
     </span>
     <span class='ocr_line' id='line_1_18' title="bbox 251 1927 2048 2006; baseline 0.002 -22"><span class='ocrx_word' id='word_1_124' title='bbox 251 1945 484 2003; x_wconf 89' lang='lat' dir='ltr'><strong>quoque</strong></span> <span class='ocrx_word' id='word_1_125' title='bbox 507 1931 668 1985; x_wconf 78' lang='lat' dir='ltr'><strong>terra</strong></span> <span class='ocrx_word' id='word_1_126' title='bbox 691 1927 956 2005; x_wconf 78' lang='lat' dir='ltr'><strong>marique</strong></span> <span class='ocrx_word' id='word_1_127' title='bbox 975 1932 1230 2006; x_wconf 88' lang='lat' dir='ltr'><strong>coeptum</strong></span> <span class='ocrx_word' id='word_1_128' title='bbox 1249 1927 1471 1987; x_wconf 91' lang='lat' dir='ltr'><strong>bellum</strong></span> <span class='ocrx_word' id='word_1_129' title='bbox 1496 1933 1601 1989; x_wconf 84' lang='lat' dir='ltr'><strong>est.</strong></span> <span class='ocrx_word' id='word_1_130' title='bbox 1646 1949 1689 1988; x_wconf 71' lang='lat' dir='ltr'>A</span> <span class='ocrx_word' id='word_1_131' title='bbox 1758 1947 2048 1996; x_wconf 60' lang='lat' dir='ltr'><strong>canum</strong></span> 
     </span>
     <span class='ocr_line' id='line_1_19' title="bbox 251 1994 2097 2126; baseline -0.001 -45"><span class='ocrx_word' id='word_1_132' title='bbox 251 2023 596 2082; x_wconf 76' lang='lat' dir='ltr'><strong>Hasdrubal</strong></span> <span class='ocrx_word' id='word_1_133' title='bbox 651 2024 729 2083; x_wconf 74' lang='lat' dir='ltr'><strong>ad</strong></span> <span class='ocrx_word' id='word_1_134' title='bbox 786 2042 924 2083; x_wconf 88' lang='lat' dir='ltr'><strong>eum</strong></span> <span class='ocrx_word' id='word_1_135' title='bbox 975 2024 1222 2083; x_wconf 70' lang='lat' dir='ltr'><strong>navium</strong></span> <span class='ocrx_word' id='word_1_136' title='bbox 1271 2042 1602 2097; x_wconf 88' lang='lat' dir='ltr'><strong>numerum,</strong></span> <span class='ocrx_word' id='word_1_137' title='bbox 1644 1994 2050 2126; x_wconf 43' lang='lat' dir='ltr'><strong>&amp;unffi</strong></span> <span class='ocrx_word' id='word_1_138' title='bbox 2073 2043 2097 2069; x_wconf 81' lang='lat'>2</span> 
     </span>
     <span class='ocr_line' id='line_1_20' title="bbox 252 2117 1831 2198; baseline -0.001 -19"><span class='ocrx_word' id='word_1_139' title='bbox 252 2139 427 2197; x_wconf 88' lang='lat' dir='ltr'><strong>quem</strong></span> <span class='ocrx_word' id='word_1_140' title='bbox 453 2141 491 2179; x_wconf 80' lang='lat' dir='ltr'><strong>a.</strong></span> <span class='ocrx_word' id='word_1_141' title='bbox 514 2121 697 2179; x_wconf 80' lang='lat' dir='ltr'><strong>fratre</strong></span> <span class='ocrx_word' id='word_1_142' title='bbox 721 2117 1078 2179; x_wconf 80' lang='lat' dir='ltr'><strong>instructum</strong></span> <span class='ocrx_word' id='word_1_143' title='bbox 1107 2125 1496 2198; x_wconf 77' lang='lat' dir='ltr'><strong>paratumque</strong></span> <span class='ocrx_word' id='word_1_144' title='bbox 1520 2139 1610 2178; x_wconf 81' lang='lat' dir='ltr'><strong>ao-</strong></span> <span class='ocrx_word' id='word_1_145' title='bbox 1648 2131 1831 2173; x_wconf 74' lang='lat' dir='ltr'><strong>Hiberu-</strong></span> 
     </span>
     <span class='ocr_line' id='line_1_21' title="bbox 253 2216 2097 2295; baseline -0.001 -18"><span class='ocrx_word' id='word_1_146' title='bbox 253 2223 504 2295; x_wconf 80' lang='lat' dir='ltr'><strong>ceperat,</strong></span> <span class='ocrx_word' id='word_1_147' title='bbox 544 2219 743 2277; x_wconf 88' lang='lat' dir='ltr'><strong>decem</strong></span> <span class='ocrx_word' id='word_1_148' title='bbox 789 2217 1038 2294; x_wconf 65' lang='lat' dir='ltr'><strong>adiecit-‚3</strong></span> <span class='ocrx_word' id='word_1_149' title='bbox 1084 2217 1475 2294; x_wconf 78' lang='lat' dir='ltr'><strong>quadraginta</strong></span> <span class='ocrx_word' id='word_1_150' title='bbox 1519 2216 1763 2275; x_wconf 77' lang='lat' dir='ltr'><strong>navium</strong></span> <span class='ocrx_word' id='word_1_151' title='bbox 1809 2217 2047 2276; x_wconf 80' lang='lat' dir='ltr'><strong>classem</strong></span> <span class='ocrx_word' id='word_1_152' title='bbox 2073 2238 2097 2275; x_wconf 84' lang='lat'>3</span> 
     </span>
     <span class='ocr_line' id='line_1_22' title="bbox 253 2312 2049 2393; baseline -0.001 -20"><span class='ocrx_word' id='word_1_153' title='bbox 253 2314 586 2373; x_wconf 88' lang='lat' dir='ltr'><strong>Himilconi</strong></span> <span class='ocrx_word' id='word_1_154' title='bbox 607 2314 810 2389; x_wconf 75' lang='lat' dir='ltr'><strong>tradit,</strong></span> <span class='ocrx_word' id='word_1_155' title='bbox 839 2321 1020 2393; x_wconf 73' lang='lat' dir='ltr'><strong>atque</strong></span> <span class='ocrx_word' id='word_1_156' title='bbox 1045 2314 1134 2372; x_wconf 83' lang='lat' dir='ltr'><strong>ita</strong></span> <span class='ocrx_word' id='word_1_157' title='bbox 1159 2312 1515 2389; x_wconf 78' lang='lat' dir='ltr'><strong>Carthagine</strong></span> <span class='ocrx_word' id='word_1_158' title='bbox 1539 2312 1837 2390; x_wconf 82' lang='lat' dir='ltr'><strong>profectus</strong></span> <span class='ocrx_word' id='word_1_159' title='bbox 1867 2332 2049 2371; x_wconf 77' lang='lat' dir='ltr'><strong>naves</strong></span> 
     </span>
     <span class='ocr_line' id='line_1_23' title="bbox 254 2407 2051 2489; baseline -0.001 -22"><span class='ocrx_word' id='word_1_160' title='bbox 254 2427 436 2489; x_wconf 90' lang='lat' dir='ltr'><strong>prope</strong></span> <span class='ocrx_word' id='word_1_161' title='bbox 487 2416 726 2484; x_wconf 74' lang='lat' dir='ltr'><strong>terram,</strong></span> <span class='ocrx_word' id='word_1_162' title='bbox 771 2411 1095 2469; x_wconf 79' lang='lat' dir='ltr'><strong>exercitum</strong></span> <span class='ocrx_word' id='word_1_163' title='bbox 1149 2408 1218 2467; x_wconf 91' lang='lat' dir='ltr'><strong>in</strong></span> <span class='ocrx_word' id='word_1_164' title='bbox 1269 2407 1446 2467; x_wconf 87' lang='lat' dir='ltr'><strong>litore</strong></span> <span class='ocrx_word' id='word_1_165' title='bbox 1498 2408 1766 2481; x_wconf 78' lang='lat' dir='ltr'><strong>ducebat,</strong></span> <span class='ocrx_word' id='word_1_166' title='bbox 1811 2413 2051 2487; x_wconf 73' lang='lat' dir='ltr'><strong>paratus</strong></span> 
     </span>
     <span class='ocr_line' id='line_1_24' title="bbox 254 2503 2045 2586; baseline -0.003 -18"><span class='ocrx_word' id='word_1_167' title='bbox 254 2508 579 2585; x_wconf 86' lang='lat' dir='ltr'><strong>confligere,</strong></span> <span class='ocrx_word' id='word_1_168' title='bbox 601 2527 948 2585; x_wconf 81' lang='lat' dir='ltr'><strong>quacunque</strong></span> <span class='ocrx_word' id='word_1_169' title='bbox 972 2511 1143 2586; x_wconf 79' lang='lat' dir='ltr'><strong>parte</strong></span> <span class='ocrx_word' id='word_1_170' title='bbox 1162 2503 1462 2584; x_wconf 79' lang='lat' dir='ltr'><strong>copiarum</strong></span> <span class='ocrx_word' id='word_1_171' title='bbox 1481 2503 1668 2564; x_wconf 83' lang='lat' dir='ltr'><strong>hostis</strong></span> <span class='ocrx_word' id='word_1_172' title='bbox 1689 2504 2045 2564; x_wconf 86' lang='lat' dir='ltr'><strong>occurrisset.</strong></span> 
     </span>
     <span class='ocr_line' id='line_1_25' title="bbox 255 2602 2101 2685; baseline -0.003 -20"><span class='ocrx_word' id='word_1_173' title='bbox 255 2606 363 2665; x_wconf 85' lang='lat' dir='ltr'><strong>Gn.</strong></span> <span class='ocrx_word' id='word_1_174' title='bbox 396 2605 592 2685; x_wconf 82' lang='lat' dir='ltr'><strong>Scipio</strong></span> <span class='ocrx_word' id='word_1_175' title='bbox 616 2610 927 2683; x_wconf 77' lang='lat' dir='ltr'><strong>postquam</strong></span> <span class='ocrx_word' id='word_1_176' title='bbox 946 2604 1199 2664; x_wconf 81' lang='lat' dir='ltr'><strong>movisse</strong></span> <span class='ocrx_word' id='word_1_177' title='bbox 1226 2624 1303 2663; x_wconf 83' lang='lat' dir='ltr'><strong>ex</strong></span> <span class='ocrx_word' id='word_1_178' title='bbox 1337 2603 1600 2662; x_wconf 87' lang='lat' dir='ltr'><strong>hibernis</strong></span> <span class='ocrx_word' id='word_1_179' title='bbox 1634 2603 1863 2663; x_wconf 86' lang='lat' dir='ltr'><strong>hostem</strong></span> <span class='ocrx_word' id='word_1_180' title='bbox 1888 2602 2049 2663; x_wconf 73' lang='lat' dir='ltr'><strong>audi·</strong></span> <span class='ocrx_word' id='word_1_181' title='bbox 2074 2624 2101 2660; x_wconf 81' lang='grc'><strong>4</strong></span> 
     </span>
     <span class='ocr_line' id='line_1_26' title="bbox 255 2688 2052 2783; baseline -0.001 -21"><span class='ocrx_word' id='word_1_182' title='bbox 255 2705 361 2779; x_wconf 85' lang='lat' dir='ltr'><strong>vit,</strong></span> <span class='ocrx_word' id='word_1_183' title='bbox 391 2688 583 2783; x_wconf 88' lang='lat' dir='ltr'><strong>primo</strong></span> <span class='ocrx_word' id='word_1_184' title='bbox 598 2704 756 2764; x_wconf 88' lang='lat' dir='ltr'><strong>idem</strong></span> <span class='ocrx_word' id='word_1_185' title='bbox 772 2704 1002 2763; x_wconf 86' lang='lat' dir='ltr'><strong>consilii</strong></span> <span class='ocrx_word' id='word_1_186' title='bbox 1019 2703 1138 2763; x_wconf 84' lang='lat' dir='ltr'><strong>fuit</strong></span> <span class='ocrx_word' id='word_1_187' title='bbox 1146 2725 1166 2780; x_wconf 79' lang='lat'>3</span> <span class='ocrx_word' id='word_1_188' title='bbox 1194 2700 1404 2761; x_wconf 85' lang='lat' dir='ltr'><strong>deinde</strong></span> <span class='ocrx_word' id='word_1_189' title='bbox 1419 2702 1616 2761; x_wconf 90' lang='lat' dir='ltr'><strong>minus</strong></span> <span class='ocrx_word' id='word_1_190' title='bbox 1635 2707 1795 2760; x_wconf 78' lang='lat' dir='ltr'><strong>terra</strong></span> <span class='ocrx_word' id='word_1_191' title='bbox 1813 2709 2052 2781; x_wconf 86' lang='lat' dir='ltr'><strong>propter</strong></span> 
     </span>
     <span class='ocr_line' id='line_1_27' title="bbox 254 2798 2047 2880; baseline -0.003 -19"><span class='ocrx_word' id='word_1_192' title='bbox 254 2801 555 2880; x_wconf 86' lang='lat' dir='ltr'><strong>ingentem</strong></span> <span class='ocrx_word' id='word_1_193' title='bbox 575 2804 793 2861; x_wconf 77' lang='lat' dir='ltr'><strong>famam</strong></span> <span class='ocrx_word' id='word_1_194' title='bbox 808 2820 1096 2861; x_wconf 84' lang='lat' dir='ltr'><strong>novorum</strong></span> <span class='ocrx_word' id='word_1_195' title='bbox 1117 2798 1474 2859; x_wconf 79' lang='lat' dir='ltr'><strong>auxiliorum</strong></span> <span class='ocrx_word' id='word_1_196' title='bbox 1493 2818 1836 2858; x_wconf 85' lang='lat' dir='ltr'><strong>concurrere</strong></span> <span class='ocrx_word' id='word_1_197' title='bbox 1854 2817 2047 2870; x_wconf 77' lang='lat' dir='ltr'><strong>ausus,</strong></span> 
     </span>
     <span class='ocr_line' id='line_1_28' title="bbox 256 2892 2052 2975; baseline -0.004 -17"><span class='ocrx_word' id='word_1_198' title='bbox 256 2900 480 2960; x_wconf 86' lang='lat' dir='ltr'><strong>delecto</strong></span> <span class='ocrx_word' id='word_1_199' title='bbox 518 2901 710 2959; x_wconf 87' lang='lat' dir='ltr'><strong>milite</strong></span> <span class='ocrx_word' id='word_1_200' title='bbox 750 2900 825 2959; x_wconf 80' lang='lat' dir='ltr'><strong>ad</strong></span> <span class='ocrx_word' id='word_1_201' title='bbox 863 2917 1044 2957; x_wconf 78' lang='lat' dir='ltr'><strong>naves</strong></span> <span class='ocrx_word' id='word_1_202' title='bbox 1082 2896 1375 2975; x_wconf 84' lang='lat' dir='ltr'><strong>imposito,</strong></span> <span class='ocrx_word' id='word_1_203' title='bbox 1404 2895 1665 2973; x_wconf 90' lang='lat' dir='ltr'><strong>quinque</strong></span> <span class='ocrx_word' id='word_1_204' title='bbox 1703 2901 1767 2954; x_wconf 84' lang='lat' dir='ltr'><strong>et</strong></span> <span class='ocrx_word' id='word_1_205' title='bbox 1802 2892 2052 2970; x_wconf 81' lang='lat' dir='ltr'><strong>triginta</strong></span> 
     </span>
     <span class='ocr_line' id='line_1_29' title="bbox 254 2987 2103 3071; baseline -0.004 -20"><span class='ocrx_word' id='word_1_206' title='bbox 254 2994 498 3052; x_wconf 82' lang='lat' dir='ltr'><strong>navium</strong></span> <span class='ocrx_word' id='word_1_207' title='bbox 526 2995 706 3054; x_wconf 80' lang='lat' dir='ltr'><strong>classe</strong></span> <span class='ocrx_word' id='word_1_208' title='bbox 731 2994 818 3053; x_wconf 91' lang='lat' dir='ltr'><strong>ire</strong></span> <span class='ocrx_word' id='word_1_209' title='bbox 846 2994 1081 3053; x_wconf 83' lang='lat' dir='ltr'><strong>obviam</strong></span> <span class='ocrx_word' id='word_1_210' title='bbox 1105 2993 1265 3053; x_wconf 87' lang='lat' dir='ltr'><strong>hosti</strong></span> <span class='ocrx_word' id='word_1_211' title='bbox 1289 2990 1499 3071; x_wconf 84' lang='lat' dir='ltr'><strong>pergit.</strong></span> <span class='ocrx_word' id='word_1_212' title='bbox 1571 2989 1788 3048; x_wconf 84' lang='lat' dir='ltr'><strong>Altero</strong></span> <span class='ocrx_word' id='word_1_213' title='bbox 1813 2988 1889 3046; x_wconf 85' lang='lat' dir='ltr'><strong>ab</strong></span> <span class='ocrx_word' id='word_1_214' title='bbox 1914 2987 2050 3045; x_wconf 79' lang='lat' dir='ltr'><strong>Tar·</strong></span> <span class='ocrx_word' id='word_1_215' title='bbox 2077 3009 2103 3046; x_wconf 82' lang='lat'>5</span> 
     </span>
     <span class='ocr_line' id='line_1_30' title="bbox 255 3082 2053 3162; baseline -0.002 -18"><span class='ocrx_word' id='word_1_216' title='bbox 255 3086 466 3147; x_wconf 72' lang='lat' dir='ltr'><strong>&#39;racone</strong></span> <span class='ocrx_word' id='word_1_217' title='bbox 510 3089 607 3149; x_wconf 86' lang='lat' dir='ltr'><strong>die</strong></span> <span class='ocrx_word' id='word_1_218' title='bbox 651 3090 734 3149; x_wconf 80' lang='lat' dir='ltr'><strong>ad</strong></span> <span class='ocrx_word' id='word_1_219' title='bbox 775 3090 1091 3149; x_wconf 83' lang='lat' dir='ltr'><strong>stationem</strong></span> <span class='ocrx_word' id='word_1_220' title='bbox 1145 3090 1346 3148; x_wconf 84' lang='lat' dir='ltr'><strong>decem</strong></span> <span class='ocrx_word' id='word_1_221' title='bbox 1390 3085 1580 3145; x_wconf 77' lang='lat' dir='ltr'><strong>millia</strong></span> <span class='ocrx_word' id='word_1_222' title='bbox 1620 3101 1898 3162; x_wconf 80' lang='lat' dir='ltr'><strong>passuum</strong></span> <span class='ocrx_word' id='word_1_223' title='bbox 1940 3082 2053 3141; x_wconf 71' lang='lat' dir='ltr'><strong>dis-</strong></span> 
     </span>
     <span class='ocr_line' id='line_1_31' title="bbox 255 3177 2052 3258; baseline -0.002 -19"><span class='ocrx_word' id='word_1_224' title='bbox 255 3188 483 3240; x_wconf 81' lang='lat' dir='ltr'><strong>tantem</strong></span> <span class='ocrx_word' id='word_1_225' title='bbox 528 3184 605 3242; x_wconf 76' lang='lat' dir='ltr'><strong>ab</strong></span> <span class='ocrx_word' id='word_1_226' title='bbox 651 3185 801 3243; x_wconf 82' lang='lat' dir='ltr'><strong>ostio</strong></span> <span class='ocrx_word' id='word_1_227' title='bbox 848 3184 1068 3243; x_wconf 82' lang='lat' dir='ltr'><strong>Hiberi</strong></span> <span class='ocrx_word' id='word_1_228' title='bbox 1107 3183 1300 3242; x_wconf 78' lang='lat' dir='ltr'><strong>amnis</strong></span> <span class='ocrx_word' id='word_1_229' title='bbox 1345 3178 1631 3258; x_wconf 86' lang='lat' dir='ltr'><strong>pervenit.</strong></span> <span class='ocrx_word' id='word_1_230' title='bbox 1722 3177 1876 3236; x_wconf 91' lang='lat' dir='ltr'><strong>Inde</strong></span> <span class='ocrx_word' id='word_1_231' title='bbox 1920 3178 2052 3236; x_wconf 80' lang='lat' dir='ltr'><strong>duae</strong></span> 
     </span>
     <span class='ocr_line' id='line_1_32' title="bbox 256 3274 2052 3359; baseline -0.003 -22"><span class='ocrx_word' id='word_1_232' title='bbox 256 3278 714 3339; x_wconf 74' lang='lat' dir='ltr'><strong>Massiliensium</strong></span> <span class='ocrx_word' id='word_1_233' title='bbox 741 3280 1136 3359; x_wconf 69' lang='lat' dir='ltr'><strong>speculatoriae</strong></span> <span class='ocrx_word' id='word_1_234' title='bbox 1154 3277 1465 3359; x_wconf 78' lang='lat' dir='ltr'><strong>praemissae</strong></span> <span class='ocrx_word' id='word_1_235' title='bbox 1488 3274 1787 3349; x_wconf 79' lang='lat' dir='ltr'><strong>rettulere,</strong></span> <span class='ocrx_word' id='word_1_236' title='bbox 1812 3275 2052 3335; x_wconf 81' lang='lat' dir='ltr'><strong>classem</strong></span> 
     </span>
    </p>
   </div>
   <div class='ocr_carea' id='block_1_3' title="bbox 260 3371 2050 3452">
    <p class='ocr_par' dir='ltr' id='par_1_5' title="bbox 260 3371 2050 3452">
     <span class='ocr_line' id='line_1_33' title="bbox 260 3371 2050 3452; baseline -0.002 -18"><span class='ocrx_word' id='word_1_237' title='bbox 260 3375 545 3434; x_wconf 76' lang='lat' dir='ltr'><strong>Punicam</strong></span> <span class='ocrx_word' id='word_1_238' title='bbox 572 3384 727 3436; x_wconf 78' lang='lat' dir='ltr'><strong>stare</strong></span> <span class='ocrx_word' id='word_1_239' title='bbox 745 3378 811 3436; x_wconf 89' lang='lat' dir='ltr'><strong>in</strong></span> <span class='ocrx_word' id='word_1_240' title='bbox 831 3379 981 3438; x_wconf 88' lang='lat' dir='ltr'><strong>ostio</strong></span> <span class='ocrx_word' id='word_1_241' title='bbox 996 3377 1259 3438; x_wconf 86' lang='lat' dir='ltr'><strong>fluminis</strong></span> <span class='ocrx_word' id='word_1_242' title='bbox 1280 3380 1585 3452; x_wconf 78' lang='lat' dir='ltr'><strong>castraque</strong></span> <span class='ocrx_word' id='word_1_243' title='bbox 1602 3375 1667 3433; x_wconf 90' lang='lat' dir='ltr'><strong>in</strong></span> <span class='ocrx_word' id='word_1_244' title='bbox 1692 3373 1824 3451; x_wconf 80' lang='lat' dir='ltr'><strong>ripa.</strong></span> <span class='ocrx_word' id='word_1_245' title='bbox 1840 3371 2050 3449; x_wconf 81' lang='lat' dir='ltr'><strong>posita.</strong></span> 
     </span>
    </p>
   </div>
  </div>
 </body>
</html>
