2375 3842
335 250 417 312 84
968 294 975 303 .
1119 248 1352 313 LIVH

283 431 311 469 9
333 399 487 458 linos
523 398 682 459 adire
716 398 1077 460 iuberentur.
1165 400 1300 474 Qui,
1329 399 1607 479 inspectis
1639 401 1918 461 fatalibus
1942 403 2129 477 libris,

334 543 737 629 mum
775 497 1444 667 ῑῖᾞᾚᾞῖίῗὲῖ
1478 498 2134 654 ἓὲῗζὲιῑιΐῗωιιωῗ

265 723 313 750 ιο
337 689 409 747 de
461 689 691 765 integro
742 694 921 766 atque
973 689 1229 767 amplius
1281 689 1623 749 faciundum
1679 710 1820 764 esse,
1877 697 1939 751 et
1994 691 2133 750 Iovi

338 786 506 844 ludos
546 805 788 865 magnos
823 792 886 845 et
925 787 1078 845 sedes
1116 787 1345 845 Veneri
1384 787 1654 863 Erycinae
1690 806 1757 845 ac
1793 788 1993 847 Menti
2033 809 2134 846 vo—

340 883 561 942 vendas
603 903 739 958 esse,
788 889 850 941 et
901 884 1388 961 supplicationem
1442 884 1980 962 lectisterniumque
2030 885 2134 943 ha-

338 981 612 1054 bendum,
659 987 722 1040 et
760 999 864 1039 ver
899 1000 1127 1040 sacrum
1174 981 1528 1054 vovendum,
1558 982 1610 1039 si
1650 981 1935 1039 bellatum
1976 1001 2133 1058 pros-

339 1096 478 1154 pere
520 1083 672 1136 esset
711 1096 919 1154 resque
957 1077 1194 1155 publica
1229 1077 1296 1135 in
1330 1077 1550 1151 eodem,
1588 1097 1706 1154 quo
1742 1067 1880 1137 ante
1912 1078 2133 1136 bellum

267 1205 312 1231 ιι
340 1175 563 1248 fuisset,
596 1180 760 1233 statu
784 1175 1213 1252 permansisset.
1286 1174 1554 1242 Senatus,
1577 1175 1856 1252 quoniam
1881 1175 2136 1234 Fabium

341 1273 483 1330 belli
509 1291 650 1333 cura
675 1277 1030 1350 occupatura
1056 1277 1223 1345 emet,
1255 1271 1342 1330 M.
1373 1271 1691 1330 AEmilium
1716 1279 2026 1349 praetorem
2057 1292 2136 1330 ex

342 1369 570 1446 collegii
595 1369 936 1446 pontificum
965 1369 1278 1443 sententia,
1307 1370 1506 1427 omnia
1531 1387 1601 1427 ea
1624 1374 1696 1427 ut
1715 1375 1947 1428 mature
1964 1370 2131 1441 fiant,

241 1465 316 1525 10
342 1486 545 1525 curare
579 1466 759 1526 iubet.
846 1466 966 1525 His
992 1473 1233 1525 senatus
1264 1466 1549 1525 consultis
1573 1467 1866 1543 perfectis,
1898 1466 1965 1525 L.
1999 1466 2135 1525 Cor-

343 1565 534 1622 nelius
551 1562 839 1621 Lentulus
858 1564 1125 1640 pontifex
1139 1564 1450 1636 maximus,
1470 1564 1807 1623 consulente
1825 1564 2134 1640 collegium

342 1667 606 1738 praetore,
655 1660 917 1718 omnium
970 1661 1229 1738 primum
1268 1661 1553 1737 populum
1594 1661 2016 1720 consulendum
2061 1661 2137 1718 de

342 1776 481 1815 vere
515 1775 677 1815 sacro
726 1762 958 1815 censet:
1012 1756 1239 1815 iniussu
1282 1757 1485 1833 populi
1528 1758 1731 1816 voveri
1776 1777 1900 1816 non
1945 1777 2130 1834 posse.

778 1852 1046 1929 Rogatus
1085 1853 1153 1911 in
1176 1852 1301 1911 haec
1327 1854 1508 1912 verba
1534 1854 1820 1931 populus:
1866 1857 1899 1888 “
1916 1852 2137 1911 Velitis

295 1882 317 1908 ²
344 1900 739 1940 andana-eaerum

343 1942 514 2031 {gffit
530 1946 628 2031 ”⁷¹3¹
672 1947 744 2032 {gg
781 1949 1110 2008 iubeatisne
1147 1949 1271 2009 haec
1306 1949 1390 2009 sic
1426 1950 1594 2009 fieri?
1676 1951 1742 2009 Si
1772 1970 1865 2009 res
1903 1949 2137 2027 publica

344 2039 488 2088 ¹³⁰⁰P¹⁹
783 2046 989 2124 populi
1027 2046 1286 2105 Romani
1327 2046 1654 2116 Quiritium
1694 2048 1770 2105 ad
1812 2047 2138 2124 quinquen-

345 2140 510 2199 nium
538 2140 890 2218 proximum‚
919 2141 1072 2201 sicut
1095 2143 1276 2201 velim
1301 2163 1677 2221 voveamque,
1707 2144 1871 2202 salva
1906 2148 2139 2202 servata.

347 2237 460 2296 erit
498 2237 657 2296 hisce
695 2238 924 2314 duellis,
954 2240 1112 2316 quod
1151 2241 1414 2309 duellum
1449 2241 1665 2317 populo
1698 2240 1982 2298 Romano*
2003 2259 2138 2298 cum

348 2335 820 2413 Carthaginiensi
866 2342 974 2411 est,
1020 2356 1060 2413 q
1190 2356 1266 2395 ue
1317 2337 1357 2393 d
1399 2336 1693 2439 &uastum
1740 2336 1932 2395 Gallis
1977 2342 2136 2408 sunt,

297 2470 322 2507 3
346 2433 452 2509 qui
477 2433 560 2492 cis
587 2433 776 2510 Alpes
802 2440 960 2507 sunt,
990 2439 1020 2492 t
1189 2453 1371 2492 onum
1382 2398 1530 2511 fluit
1556 2434 1807 2511 populus
1835 2433 2142 2492 Romanus

348 2529 690 2602 Quiritium,
720 2532 878 2607 quod
902 2551 1010 2589 ver
1033 2530 1306 2589 attulerit
1331 2550 1409 2589 ex
1433 2530 1625 2603 suilln,
1655 2531 1850 2603 ovil10‚
1880 2529 2134 2607 caprino,

346 2626 565 2683 bovillo
590 2644 778 2701 grege,
808 2646 1052 2703 quaeque
1086 2628 1331 2705 profana
1366 2632 1556 2700 erunt,
1588 2627 1723 2686 Iovi
1748 2627 1892 2702 fieri,
1922 2646 1999 2685 ex
2022 2645 2142 2702 qua

299 2763 324 2799 ⁴
348 2720 444 2780 die
485 2728 724 2780 senatus
765 2722 1131 2800 populusque
1169 2723 1422 2783 iusserit.
1508 2724 1628 2794 Qui
1668 2723 1861 2796 faciet,
1905 2723 2140 2801 quando

348 2819 512 2877 volet
535 2837 767 2895 quaque
794 2819 920 2895 lege
946 2820 1123 2894 volet,
1151 2822 1362 2896 facit03
1404 2841 1519 2899 quo
1554 2822 1727 2880 modo
1760 2820 1933 2893 faxit,
1960 2820 2141 2898 probe

302 2940 323 2978 5
349 2917 571 2975 factum
597 2922 734 2975 esto.
822 2916 889 2975 81
922 2916 985 2976 id
1020 2918 1287 2992 moritur,
1317 2920 1474 2996 quod
1510 2920 1639 2977 fieri
1674 2918 1984 2997 oportebit,
2013 2936 2141 2994 pro-

348 3016 554 3073 fanum
593 3020 735 3089 este,
764 3034 955 3091 neque
996 3015 1184 3074 scelus
1225 3023 1363 3076 estc.
1449 3017 1516 3076 81
1554 3016 1687 3093 quis
1725 3021 1962 3093 rumpet
1998 3014 2142 3072 occi-

349 3112 522 3172 detve
540 3110 811 3186 insciens,
833 3131 909 3171 ne
929 3112 1088 3171 fraus
1107 3119 1248 3171 estc.
1322 3113 1388 3171 81
1412 3113 1546 3190 quis
1573 3114 1793 3190 clepsit,
1821 3132 1899 3171 ne
1923 3111 2141 3189 populo

299 3224 325 3263 6
350 3209 536 3268 scelus
574 3215 716 3283 esto,
744 3228 894 3269 neve
933 3210 1030 3268 cui
1069 3209 1328 3288 cleptum
1365 3210 1495 3269 erit.
1581 3210 1648 3269 Si
1686 3216 1818 3269 atro
1858 3210 1954 3269 die
1987 3208 2141 3266 faxit

349 3304 617 3378 insciens,
665 3306 844 3382 probe
891 3306 1113 3365 factum
1154 3313 1294 3367 esto,
1400 3307 1466 3365 81
1510 3312 1683 3365 nocte
1727 3306 1853 3366 sive
1899 3305 2046 3378 luce,
2088 3304 2142 3361 si

349 3421 552 3463 servus
575 3403 700 3463 sive
725 3403 877 3462 liber
902 3404 1070 3477 faxit,
1099 3404 1279 3482 probe
1314 3405 1539 3464 factum
1564 3410 1703 3463 estc.
1790 3402 1857 3462 81
1881 3401 2135 3475 antidea,
