2375 3842
922 234 1183 299 LIBER
1233 232 1416 294 XXI.
2017 225 2064 289 8

265 385 499 463 imperii
550 390 702 444 esset
752 385 944 443 amnis
994 383 1277 456 Hiberus,
1335 379 1796 458 Saguntinisque
1847 374 2058 435 mediis

265 485 428 542 inter
450 482 698 559 imperia
723 481 977 541 duorum
1000 480 1350 558 populorum
1375 479 1616 537 libertas
1652 482 1997 535 servaretur.

387 579 468 638 In
514 578 909 637 Hasdrubalis
953 577 1148 637 locum
1186 577 1346 635 haud
1385 574 1567 634 dubia
1601 592 1698 632 res
1735 573 1870 645 fuit,
1910 570 2056 648 quin
2079 573 2126 633 3

266 678 653 753 praerogativa
685 675 979 747 militaris,
1008 693 1128 752 qua
1152 671 1451 750 extemplo
1486 670 1722 731 iuvenis
1747 668 2056 727 Hannibal

266 772 334 830 in
370 771 709 849 praetorium
752 771 982 829 delatus
1033 772 1469 847 imperatorque
1513 767 1744 844 ingenti
1790 765 2055 823 omnium

268 869 517 927 clamore
540 876 721 945 atque
746 887 987 926 assensu
1012 868 1342 945 appellatus
1368 871 1513 939 erat,
1542 866 1581 904 ὓ
1609 865 1648 903 ¹¹*
1683 863 1852 922 favor
1870 862 2057 941 plebis

267 967 633 1041 sequebatur.
694 963 879 1023 Hunc
899 965 1146 1024 vixdum
1165 966 1447 1041 puberem
1467 963 1622 1021 Has-
1657 999 2056 1042 eadm-uma
2076 945 2129 997 ⁰⁴

267 1062 483 1120 drubal
514 1062 733 1121 litteris
768 1063 846 1119 ad
876 1080 939 1120 se
977 1061 1336 1133 accersierat,
1376 1067 1619 1137 actaque
1751 1047 2057 1133 fl‘ffiffffi

267 1177 363 1216 res
392 1158 573 1216 etiam
607 1158 675 1216 in
701 1165 913 1217 senatu
946 1158 1154 1216 fuerat,
1239 1156 1507 1215 Barcinis
1532 1156 1621 1214 ni·
1656 1139 2057 1180 mmmm

268 1255 549 1327 tentibus,
576 1261 647 1314 ut
679 1261 1037 1314 assuesceret
1072 1254 1304 1312 militiae
1330 1252 1638 1312 Hannibal
1664 1259 1843 1331 atque
1868 1253 1935 1312 in
1960 1273 2058 1331 pa-

267 1358 465 1410 ternas
500 1352 831 1410 succederet
865 1371 1018 1428 opes,
1048 1350 1291 1423 Hamae,
1320 1349 1564 1409 alterius
1599 1349 1871 1408 factionis
1896 1350 2053 1427 prin·
2082 1376 2107 1414 3

268 1468 417 1525 ceps,
437 1449 565 1506 “Et
581 1467 809 1525 aequum
828 1449 1123 1526 postulare
1137 1447 1414 1506 videtur''
1430 1447 1629 1524 inquit
1649 1452 1683 1481 “
1694 1446 2051 1519 Hasdrubal,

268 1552 332 1603 et
373 1564 478 1623 ego
523 1551 725 1604 tamen
769 1564 891 1604 non
929 1563 1151 1616 cense0‚
1198 1544 1356 1621 quod
1401 1544 1569 1621 petit,
1621 1544 2054 1605 tribuendum.’'

270 1641 465 1712 Quum
488 1641 873 1700 admiratione
895 1649 1019 1700 tam
1038 1641 1315 1717 ancipitis
1341 1640 1647 1699 sententiae
1673 1640 1736 1698 in
1766 1660 1829 1699 se
1854 1660 2054 1699 omnes
2078 1671 2104 1709 ⁴

267 1741 663 1811 convertisset,
722 1742 763 1777 ‘⁴
778 1732 1014 1798 Florem
1078 1739 1272 1797 aetatis
1286 1737 1320 1765 '¹
1377 1739 1578 1815 inquit
1640 1742 1677 1773 “
1685 1736 2052 1817 Hasdrubal,

268 1855 441 1912 quem
480 1836 607 1912 ipse
648 1836 808 1911 patri
836 1835 1197 1893 Hannibalis
1234 1835 1549 1893 fruendum
1585 1834 1854 1912 praebuit,
1896 1834 2055 1893 iusto

266 1934 395 1991 iure
427 1952 564 1992 eum
589 1953 627 1992 a
651 1932 774 1990 filio
806 1932 995 2009 repeti
1031 1936 1265 2007 censet3
1303 1944 1411 1990 nc's
1445 1937 1645 1990 tamen
1679 1931 1923 1991 minime
1961 1932 2056 1990 de-

267 2036 362 2087 cet
394 2029 767 2088 iuventutem
799 2034 1060 2086 nostram
1093 2047 1202 2105 pro
1233 2029 1480 2086 militari
1503 2028 1837 2087 rudimento
1868 2047 2052 2086 assue-

265 2127 456 2184 facere
495 2125 733 2183 libidini
774 2131 1102 2202 praetorum.
1185 2125 1294 2182 An
1327 2125 1437 2183 hoc
1476 2126 1767 2198 timemus,
1811 2145 1887 2184 ne
1932 2125 1996 2183 H
1999 2145 2054 2182 a?
2078 2150 2103 2189 s

265 2222 522 2280 milcaris
562 2222 720 2280 filius
755 2222 935 2281 nimis
974 2242 1102 2281 sero
1141 2221 1389 2299 imperia
1433 2223 1745 2281 immodica
1783 2230 1846 2281 et
1886 2225 2055 2300 regni

266 2318 503 2396 paterni
541 2318 792 2396 speciem
815 2319 1034 2392 videat,
1069 2324 1147 2393 et,
1185 2320 1355 2377 cuius
1388 2320 1542 2394 regis
1580 2338 1793 2395 genero
1831 2318 2054 2378 heredi-

265 2415 410 2474 tarii
450 2415 572 2473 sint
602 2414 795 2473 relicti
824 2416 1120 2473 exercitus
1154 2415 1359 2489 nostri,
1387 2415 1514 2473 eius
1547 2415 1672 2474 filio
1701 2435 1910 2492 parum
1936 2436 2055 2474 ma·

264 2518 402 2570 ture
442 2512 804 2570 serviamus?
886 2511 1012 2588 Ego
1037 2511 1223 2570 istum
1247 2512 1523 2570 iuvenem
1547 2512 1706 2570 domi
1731 2513 2050 2572 tenendum
2076 2533 2103 2574 ⁶

266 2610 378 2667 sub
404 2608 646 2684 legibus,
675 2609 786 2666 sub
822 2609 1283 2685 magistratibus,
1311 2608 1635 2667 docendum
1660 2610 1861 2668 vivere
1887 2630 2052 2688 aequo

264 2704 395 2762 iure
421 2724 556 2763 cum
582 2705 791 2764 ceteris
815 2724 1039 2778 censeO,
1059 2723 1136 2763 ne
1162 2705 1512 2783 quandoque
1536 2724 1754 2783 parvus
1778 2707 1875 2765 hic
1900 2708 2052 2785 ignis

264 2801 603 2859 incendium
635 2801 844 2878 ingens
883 2802 1257 2863 exsuscitet.”
1339 2803 1545 2877 Pauci,
1581 2822 1650 2862 ac
1687 2804 1871 2863 ferme
1906 2807 2051 2883 opti·
2074 2805 2115 2864 4

264 2917 398 2957 mus
423 2898 686 2975 quisque,
710 2898 1000 2956 Hannoni
1027 2899 1499 2958 assentiebantur
1507 2919 1528 2973 3
1554 2900 1674 2973 sed,
1703 2905 1775 2958 ut
1800 2901 2052 2978 plerum-

264 3014 380 3072 que
402 2995 490 3067 fit,
521 2997 706 3054 maior
730 3015 867 3073 pars
893 2996 1196 3054 meliorem
1221 2996 1382 3055 vicit.

383 3092 610 3150 Missus
641 3092 952 3150 Hannibal
985 3093 1054 3150 in
1085 3092 1444 3169 Hispaniam
1481 3093 1676 3170 primo
1711 3093 1915 3153 statim
1954 3096 2050 3153 ad-

262 3194 449 3247 ventu
483 3208 715 3247 omnem
747 3189 1071 3247 exercitum
1105 3189 1172 3247 in
1198 3209 1260 3248 se
1286 3191 1612 3264 convertit3
1651 3210 1897 3251 Hannibal-s
1919 3223 2051 3262 popu-

262 3285 664 3344 Hamilcarem
697 3286 972 3344 iuvenem
1015 3285 1315 3343 redditum
1357 3286 1471 3343 sibi
1515 3304 1611 3343 ve-
1650 3257 1771 3343 {25²¹
1786 3258 1871 3298 ⁸¹²⁶
1885 3260 2049 3299 m
2074 3315 2098 3343 ο

262 3390 416 3441 teres
433 3383 651 3441 milites
671 3383 935 3455 credere3
965 3382 1214 3440 eundem
1237 3383 1496 3458 vigorem
1522 3382 1592 3443 in.
1607 3383 1784 3441 vultu
1809 3383 2048 3461 vimque

1711 3498 1881 3561 1-2
