2375 3842
308 232 384 295 88
948 279 955 288 .
1089 230 1321 295 LIV-'II

303 382 605 460 propalam
644 382 710 439 in
749 381 962 459 vulgus
997 383 1123 460 pro'
1142 385 1481 443 cunctatore
1507 383 1758 461 segnem,¹
1789 407 1895 464 pro
1921 396 2100 448 cauto

304 476 580 539 timidum
606 480 890 557 affingens
914 480 1113 538 vicina
1137 482 1463 539 virtutibus
1498 482 1658 556 vitia,
1677 485 2096 562 compellabat,

305 577 737 655 premendoque
772 578 1147 655 superiorem,
1178 597 1308 655 quae
1335 578 1588 655 pessima
1613 600 1710 638 ars
1734 581 1916 640 nimis
1940 602 2101 660 pros-

305 674 460 751 peris
486 675 805 732 multorum
832 674 1188 733 successibus
1214 676 1416 750 erevit,
1445 695 1570 735 sese
1594 678 1934 737 extollebat.

205 781 281 838 13
426 772 733 829 Hannibal
773 791 850 829 ex
889 769 1167 849 Hirpinis
1200 772 1266 829 in
1304 773 1611 831 Samnium
1646 775 1880 846 transit,
1913 775 2101 833 Bene-

307 914 517 953 Hannibal
541 914 705 953 crossen
743 874 1067 926 ventanum
1108 869 1501 945 depopulatur
1537 889 1759 945 agrum,
1806 870 2097 930 Telesiam

231 1051 235 1056 ,
305 961 707 1054 ffigtheffifflssg
749 966 954 1023 urbem
1000 965 1174 1074 capit,
1220 965 1422 1023 irritat
1463 965 1644 1024 etiam
1688 967 1762 1025 de
1803 967 2100 1025 industria

307 1054 352 1091 ⁰¹
372 1054 443 1092 ‘¹²²
464 1053 650 1100 “mm
666 1052 712 1091 ⁰¹
746 1062 974 1135 ducem,
1003 1081 1056 1119 si
1093 1062 1246 1120 forte
1282 1081 1590 1120 accensum
1615 1069 1709 1121 tot
1732 1064 2100 1140 indignitati-

303 1099 630 1193 &ffipffigffd
644 1099 709 1137 in-
743 1159 857 1216 bus
905 1179 975 1217 ao
1027 1159 1293 1217 cladibus
1334 1159 1621 1217 sociorum
1668 1160 1978 1218 detrahere
2020 1162 2099 1219 ad

256 1285 279 1310 2
305 1274 539 1331 aequum
564 1260 858 1313 certamen
878 1257 1079 1332 possit.
1137 1255 1315 1316 Inter
1337 1256 1781 1314 multitudinem
1804 1258 2099 1316 sociorum

304 1352 507 1410 Italici
544 1353 790 1430 generis,
825 1353 931 1429 qui
968 1353 1043 1410 ad
1079 1352 1545 1411 Trasumennum
1599 1353 1755 1430 capti
1807 1355 1883 1411 ab
1932 1354 2100 1411 Han-

304 1451 501 1509 nibale
538 1449 879 1526 dimissique
905 1451 1159 1522 fuerant,
1188 1456 1314 1507 tres
1347 1450 1634 1526 Campani
1660 1453 1885 1527 equites
1907 1458 2097 1521 erant,
2213 1443 2219 1448 ’

305 1548 510 1606 multis
544 1547 664 1604 iam
698 1553 831 1604 tum
861 1546 1044 1605 illecti
1083 1541 1254 1605 donis
1283 1547 1698 1623 promissisque
1738 1548 2100 1606 Hannibalis

257 1673 282 1709 ³
306 1645 381 1701 ad
421 1643 811 1701 conciliandos
855 1642 1228 1720 popularium
1269 1643 1511 1701 animos.
1598 1644 1691 1702 Hi
1729 1645 2096 1718 nuntiantes,

305 1741 359 1799 si
398 1741 466 1798 in
521 1739 901 1817 Campaniam
940 1740 1266 1797 exercitum
1313 1740 1684 1813 admovisset,
1740 1741 1954 1819 Capuae
2000 1761 2100 1818 po-

302 1837 517 1895 tiendae
553 1835 782 1912 copiam
821 1836 964 1908 fore,
1007 1855 1193 1912 quum
1239 1856 1333 1894 res
1377 1837 1566 1895 maior
1609 1858 1788 1915 quam
1831 1844 2100 1898 auctores

304 1940 476 2007 esset,
523 1933 773 1990 dubium
826 1933 1235 1991 Hannibalem
1280 1934 1641 2011 alternisque
1693 1936 1976 1994 fidentem
2029 1956 2099 1995 ac

305 2032 667 2090 diffidentem
705 2036 925 2102 tamen,
973 2035 1046 2087 ut
1086 2030 1414 2108 Campanos
1453 2050 1531 2089 ex
1571 2031 1810 2091 Samnio
1849 2039 2095 2110 peteret,

255 2169 281 2204 4
305 2133 630 2188 moverunt.
719 2127 984 2185 Monitos
1026 2127 1208 2185 etiam
1246 2133 1426 2204 atque
1465 2129 1662 2202 etiam,
1706 2139 1775 2187 ut
1812 2131 2099 2207 promissa

304 2228 480 2286 rebus
512 2226 885 2298 affirmarent,
914 2225 1217 2302 iussosque
1254 2245 1388 2283 cum
1420 2226 1689 2302 pluribus
1713 2234 1776 2286 et
1800 2227 2102 2303 aliquibus

256 2352 278 2390 5
304 2324 636 2403 principum
673 2323 864 2381 redire
903 2322 981 2380 ad
1022 2342 1085 2380 se
1132 2322 1377 2382 dimisit.
1462 2323 1601 2398 Ipse
1642 2323 1897 2399 imperat
1940 2324 2093 2397 duci,

302 2468 472 2506 butum
482 2464 676 2514 gmon
741 2425 812 2476 ut
848 2438 911 2476 se
936 2419 1004 2476 in
1029 2438 1235 2494 agrum
1265 2418 1602 2477 Casinatem
1628 2420 1822 2493 ducat,
1853 2420 2098 2478 edoctus

302 2474 708 2597 ffsskffl‘goedwflg
743 2535 781 2572 a
820 2514 1030 2591 peritis
1066 2515 1392 2591 regionum,
1426 2515 1479 2571 si
1521 2534 1657 2572 eum
1687 2514 1907 2573 saltum
1933 2535 2096 2573 occu-

303 2605 509 2646 Qinum·
740 2616 955 2686 passet,
999 2610 1230 2668 exitum
1271 2610 1541 2668 Romano
1580 2612 1656 2668 ad
1696 2631 1866 2687 opem
1908 2613 2100 2671 feren·

254 2730 279 2768 6
303 2708 440 2765 dam
465 2706 634 2764 sociis
659 2706 1155 2781 interclusurum3
1195 2707 1298 2764 sed
1336 2706 1627 2763 Punicum
1663 2707 1982 2768 abhorrens
2020 2710 2098 2767 ab

304 2804 651 2862 Latinorum
687 2802 997 2861 nominum
1012 2803 1493 2878 pronuntiatam
1520 2822 1596 2873 οε,
1630 2802 1962 2864 Casilinum
1990 2826 2100 2884 pro

307 2901 527 2960 Casino,
557 2901 681 2958 dux
712 2907 786 2958 ut
815 2899 1120 2977 acciperet,
1161 2899 1318 2972 fecit,
1361 2918 1714 2976 aversusque
1749 2902 1824 2959 ab
1861 2921 1968 2961 suo
1999 2892 2124 2961 itis

304 3018 445 3058 nere
469 3017 575 3074 per
599 2997 938 3055 Allifanum
966 2996 1439 3072 Callifanumque
1473 3001 1535 3053 et
1572 2996 1857 3056 Calenum
1888 3018 2099 3074 agrum

256 3127 280 3164 7
306 3096 372 3152 in
396 3114 665 3170 campum
693 3093 1002 3152 Stellatem
1025 3092 1342 3152 descendit.
1425 3091 1557 3151 Ubi
1581 3112 1767 3169 quum
1793 3096 2102 3153 montibus

306 3190 761 3267 fluminibusque
789 3190 1045 3248 clausam
1066 3189 1365 3266 regionem
1386 3187 1908 3265 circumspexisset,
1931 3211 2101 3250 voca-

256 3307 284 3347 s
310 3293 434 3345 tum
465 3287 672 3345 ducem
696 3292 1093 3363 percontatur,
1122 3285 1230 3343 ubi
1257 3292 1550 3343 terrarum
1576 3290 1741 3344 esset.
1814 3286 2017 3357 Quum
2045 3289 2100 3346 is

311 3381 558 3443 Casilini
594 3402 664 3442 eo
702 3381 800 3443 die
838 3401 1182 3440 mansurum
1223 3400 1357 3440 eum
1390 3380 1653 3455 dixisset,
1690 3387 1822 3441 tum
1857 3383 2101 3443 demum
