2375 3842
890 221 1154 294 ‘LIBER
1205 234 1432 298 XXJL
1945 189 2059 295 12⁵

271 384 491 444 milites
528 384 719 442 nolum
758 382 978 441 mixtos
1016 402 1094 441 ex
1127 382 1457 442 colluvione
1488 382 1750 441 omnium
1776 383 2059 459 gentium,

274 483 376 541 sed
402 480 580 540 etiam
607 479 766 557 apud
792 480 999 538 ducem
1026 480 1223 557 ipsum
1248 479 1606 539 oriebantur.
1690 479 1852 538 Nam
1879 491 2062 558 quum
2088 509 2112 547 3

274 578 447 637 initio
492 577 783 648 fremitus,
829 576 1041 635 deinde
1081 582 1288 654 aperta
1330 576 1672 636 vociferatio
1716 575 1926 635 fuisset
1968 595 2065 633 ex-

275 674 639 753 poscentium
692 673 1050 750 stipendium
1105 674 1372 732 debitum
1425 675 1913 751 querentiumque
1967 691 2066 730 an-

275 764 491 850 nonam
516 770 724 847 primo,
751 776 1045 847 postremo
1070 770 1301 843 famem,
1331 776 1394 829 et
1417 771 1802 829 mercenarios
1827 769 2062 844 milites,

276 857 534 926 maxime
575 867 837 944 Hispani
876 867 1124 944 generis,
1170 868 1244 926 de
1287 867 1637 927 nansitione
1682 868 1900 947 cepisse
1936 886 2067 927 con·

277 964 477 1023 silium
515 964 675 1022 fama
716 971 884 1037 esset,
926 965 1052 1041 ipse
1090 964 1270 1024 etiam
1308 965 1608 1024 interdum
1647 964 1956 1023 Hannibal
1995 964 2068 1021 de
2096 988 2117 1025 4

278 1060 419 1138 fuga
443 1061 510 1119 in
538 1060 790 1118 Galliam
811 1060 1031 1119 dicitur
1053 1063 1316 1139 agitasse,
1346 1063 1435 1121 ita
1459 1069 1545 1136 ut,
1572 1062 1776 1121 relicto
1803 1061 2068 1139 peditatu

278 1157 458 1229 omni,
504 1177 640 1216 cum
675 1158 973 1235 equitibus
1011 1177 1075 1217 se
1114 1143 1506 1237 proriperet]
1540 1159 1737 1229 Quum
1777 1158 1900 1217 haec
1939 1177 2068 1216 con·
2092 1180 2116 1219 ⁵

274 1253 410 1313 eilia
463 1261 642 1333 atque
693 1255 791 1313 hic
853 1256 1090 1315 habitus
1141 1256 1472 1315 animorum
1524 1262 1676 1315 esset
1726 1257 1794 1314 in
1844 1255 2065 1327 castris,

280 1370 516 1410 movere
556 1352 695 1411 inde
740 1354 958 1411 statuit
1000 1354 1066 1411 in
1107 1354 1384 1412 calidiora
1421 1361 1601 1431 atque
1639 1372 1709 1412 eo
1747 1352 2071 1411 maturiora

281 1448 563 1506 messibus
599 1450 835 1527 Apuliae
875 1451 1019 1525 loca,
1059 1451 1235 1509 simul
1274 1461 1358 1524 ut,
1393 1471 1510 1528 quo
1546 1451 1777 1528 longius
1802 1452 1878 1509 ab
1903 1450 2069 1508 hoste

280 1545 623 1619 recessisset,
662 1548 988 1624 transfugia
1023 1548 1398 1626 impeditiora
1436 1548 1664 1607 levibus
1701 1548 1954 1626 ingeniis
1987 1566 2069 1605 es-

282 1649 429 1703 sent.
515 1643 823 1704 Profectus
862 1651 957 1704 est
994 1652 1166 1704 nocte
1205 1645 1442 1723 ignibus
1482 1646 1757 1704 similiter
1781 1645 1952 1704 factis
1984 1650 2069 1702 ta·
2095 1664 2120 1703 6

283 1740 724 1818 bernaeulisque
758 1743 960 1820 paucis
989 1743 1056 1801 in
1083 1744 1332 1820 speciem
1358 1744 1595 1817 relictis,
1627 1749 1699 1802 ut
1722 1743 2068 1801 insidiarum

282 1857 390 1914 par
426 1837 611 1914 priori
646 1845 838 1898 metus
867 1841 1201 1899 contineret
1242 1842 1553 1900 Romanos.
1639 1841 1757 1900 Sed
1789 1859 1897 1919 per
1928 1860 2070 1899 eun·
2095 1871 2118 1909 7

282 1936 413 1991 dem
444 1934 749 1994 Lucanum
771 1937 1072 1995 Statilium
1093 1939 1367 1997 omnibus
1383 1939 1546 1997 ultra
1573 1944 1763 1997 castra
1787 1944 2068 2015 transque

283 2038 511 2090 montes
549 2033 882 2110 exploratis,
926 2054 1108 2111 quum
1148 2037 1400 2094 relatum
1440 2042 1609 2107 esset,
1647 2036 1843 2093 visum
1867 2034 2071 2112 procul

282 2127 541 2187 hostium
568 2150 794 2206 agmen,
823 2137 955 2189 tum
996 2133 1069 2190 de
1102 2133 1465 2210 insequendo
1490 2152 1561 2190 eo
1588 2133 1833 2190 consilia
1858 2132 2070 2208 agitari

280 2232 487 2300 coepta.
571 2226 770 2295 Quum
813 2211 1122 2305 utriusque
1175 2229 1429 2286 consulis
1481 2228 1699 2300 eadem,
1757 2247 1886 2304 quae
1932 2234 2069 2284 ante
2097 2244 2122 2283 a

285 2340 527 2396 semper,
555 2322 764 2380 fuisset
789 2325 1098 2396 sententia,
1130 2332 1390 2382 ceterum
1417 2324 1678 2380 Varroni
1703 2322 1825 2380 fere
1851 2342 2067 2394 omnes,

288 2418 476 2476 Paulo
502 2438 672 2476 nemo
702 2429 914 2497 praeter
962 2421 1297 2493 Servilium,
1332 2420 1544 2498 prioris
1575 2420 1718 2477 anni
1756 2420 2068 2490 consulem,

284 2515 684 2590 assentiretur,
725 2518 961 2576 maioris
999 2519 1184 2595 partis
1224 2518 1516 2575 sententia
1556 2517 1632 2575 ad
1677 2516 2070 2576 nobilitandas
2091 2534 2120 2574 9

285 2613 449 2671 clade
476 2614 747 2672 Romana
773 2614 1003 2673 Cannas
1029 2623 1277 2691 urgente
1303 2615 1426 2672 fato
1451 2614 1694 2692 profecti
1719 2619 1873 2673 sunt.
1933 2612 2073 2671 Pro—
2101 2641 2150 2669 ιο

289 2730 361 2787 pe
388 2732 522 2770 eum
548 2712 746 2769 vicum
774 2712 1078 2769 Hannibal
1106 2717 1297 2769 castra
1330 2718 1602 2789 posuerat
1628 2730 1833 2770 aversa
1858 2731 1895 2769 a
1919 2709 2070 2768 Vul-

287 2815 466 2869 turno
485 2821 679 2883 vente,
705 2809 807 2886 qui
828 2811 1047 2884 campis
1066 2809 1306 2867 torridis
1326 2809 1584 2868 siccitate
1605 2809 1791 2867 nubes
1811 2808 2072 2885 pulveris

286 2907 466 2966 vehit.
556 2909 631 2966 Id
659 2926 841 2985 quum
868 2905 1010 2982 ipsis
1038 2908 1240 2964 castris
1275 2907 1743 2984 percommodum
1779 2906 1913 2974 fuit,
1940 2912 2071 2963 tum
2102 2937 2147 2965 n
2226 2945 2284 2994 ἡ

286 3005 539 3063 salutare
566 3004 852 3082 praecipue
877 3004 1147 3061 futurum
1166 3010 1307 3076 erat,
1329 3023 1510 3080 quum
1530 3003 1712 3061 aciem
1733 3001 2068 3078 dirigerent,
2299 2990 2308 3008 ’

287 3100 402 3176 ipsi
429 3101 634 3173 aversi,
665 3108 830 3176 terga
858 3106 1095 3158 tantum
1131 3101 1366 3158 afflante
1401 3105 1594 3173 vent0‚
1625 3098 1692 3155 in
1728 3105 1968 3157 occae'cat

289 3197 529 3273 pulvere
556 3198 739 3256 offuso
765 3197 992 3256 hostem
1019 3197 1355 3274 pugnaturi.
1831 3118 2072 3258 y

412 3295 708 3369 Consules,
777 3297 918 3353 satis
983 3294 1331 3372 exploratis,
1366 3291 1693 3363 itineribus,
1764 3298 2072 3367 sequentes
2098 3292 2179 3352 44

291 3392 559 3469 Poenum,
605 3401 680 3453 ut
719 3401 962 3453 ventum
1010 3394 1084 3451 ad
1137 3392 1370 3450 Cannas
1415 3396 1506 3449 est
1548 3395 1610 3448 et
1650 3388 1715 3445 in
1761 3392 2072 3463 conspectu
