2375 3842
1527 95 1534 99 .
1685 23 1755 112 11⁸,
1905 69 1924 86 x

266 205 468 298 ‚128
1126 197 1360 264 ΖΝΗ
1561 115 1743 260 Ns

351 355 479 411 sine
504 352 891 425 mucronibus,
920 352 1209 428 Hispano,
1234 354 1504 430 punctim
1527 356 1715 431 magis
1739 375 1917 433 quam
1942 358 2135 415 casim

350 455 583 507 assueto
604 453 807 526 petere
830 448 1075 522 hostem,
1096 451 1388 509 brevitate
1411 452 1638 510 habiles
1663 459 1728 510 et
1751 472 1886 511 cum
1909 451 2136 513 mucro—

351 544 541 604 nibus.
615 545 782 603 Ante
807 545 953 603 alios
976 546 1216 605 habitus
1240 548 1506 625 gentium
1530 549 1744 607 harum
1768 569 1954 627 quum
1977 571 2136 628 mag-

304 660 329 699 6
348 641 622 699 nitudine
666 661 988 719 corporum,
1030 649 1164 701 tum
1202 646 1391 720 specie
1428 646 1710 704 terribilis
1755 653 1918 706 erat:
1975 648 2135 707 Galli

348 756 529 815 super
548 738 895 797 umbilicum
919 746 1091 798 erant
1115 742 1262 798 nudi
1269 762 1289 815 3
1323 742 1585 819 Hispani
1606 743 1807 801 linteis
1831 746 2134 821 praetextis

348 854 610 912 purpura
631 835 867 909 tunicis,
886 837 1133 895 candore
1156 839 1309 895 miro
1332 839 1711 916 fulgentibus,
1730 841 2128 899 constiterant.

349 933 651 992 Numerus
675 934 939 993 omnilun
963 935 1246 1011 peditum,
1274 937 1381 1013 qui
1404 944 1538 994 tum
1561 943 1855 996 steterunt
1886 938 1954 995 in
1987 938 2128 1008 acie,

301 1058 326 1096 7
348 1030 601 1087 millium
651 1030 770 1088 fuit
830 1032 1236 1108 quadraginta,
1291 1033 1490 1091 decem
1542 1035 1822 1110 equitum.
1933 1035 2132 1091 Duces

346 1126 618 1184 cornibus
659 1134 949 1204 praei-ant
981 1129 1222 1187 sinistro
1259 1129 1617 1202 Hasdrubal,
1646 1131 1855 1188 dextro
1894 1129 2130 1187 Mahar-

345 1224 445 1282 bal
459 1244 480 1298 3
518 1225 771 1283 mediam
794 1226 979 1284 aciem
1005 1226 1316 1283 Hannibal
1341 1229 1466 1303 ipse
1491 1246 1625 1285 cum
1657 1228 1839 1285 fratre
1874 1226 2130 1303 Magone

297 1336 323 1375 s
344 1321 555 1380 tenuit.
640 1322 743 1406 Sol
795 1341 900 1381 seu
951 1322 1025 1381 de
1076 1324 1370 1381 industria
1420 1324 1509 1382 ita
1552 1324 1774 1396 locatis,
1820 1344 1924 1382 seu
1968 1325 2128 1400 quod

343 1418 497 1478 forte
532 1420 631 1478 ita>
658 1407 889 1493 stetere,
924 1427 1356 1497 peropportune
1390 1422 1629 1498 utn‘que
1662 1422 1820 1498 parti
1854 1421 2128 1497 obliquus

344 1522 489 1588 erat,
527 1515 813 1575 Romanis
852 1517 920 1574 in
964 1518 1286 1590 meridiem,
1329 1517 1527 1576 Poenis
1564 1518 1632 1575 in
1670 1517 2126 1595 septentrionem

294 1641 322 1680 9
344 1613 564 1687 versis;
620 1619 836 1671 ventus
886 1614 1283 1692 (Vulturnum
1335 1616 1588 1690 regionis
1631 1615 1835 1672 incoIae
1883 1614 2123 1690 vocant)

343 1710 624 1767 adversus
654 1709 939 1767 Romanis
974 1717 1207 1769 coortus
1245 1712 1434 1769 multo
1472 1712 1716 1789 pulvere
1752 1712 1821 1769 in
1856 1712 1984 1788 ipsa
2022 1730 2127 1768 ora

343 1806 632 1864 volvendo
656 1813 1028 1883 prospectum
1053 1807 1288 1867 ademit.

239 1904 317 1963 47
463 1902 728 1961 Clamore
767 1904 1014 1977 sublato,
1062 1923 1401 1980 procursum
1440 1905 1514 1963 ab
1552 1904 1791 1962 auxiliis
1827 1910 1891 1961 et
1913 1922 2127 1979 pugna

342 2021 431 2060 ‘nae
457 2020 642 2060 Romam
667 2031 741 2060 m
777 1999 1006 2058 levibus
1032 2000 1286 2077 primum
1326 2002 1503 2058 armis
1538 2001 1873 2073 commissa3
1912 1999 2126 2056 deinde

342 2067 682 2162 moenum
695 2070 742 2107 α
779 2091 1044 2174 equitum
1061 2097 1365 2156 Gallorum
1383 2099 1890 2174 Hispanorumque
1909 2095 2125 2153 laevum

341 2212 521 2252 cornu
532 2214 682 2252 -cum
707 2194 916 2253 dextro
935 2194 1206 2253 Romano
1233 2195 1541 2267 concurrit,
1570 2195 1814 2252 minime
1839 2194 2125 2270 equestris

293 2321 317 2348 α
339 2309 500 2349 more
538 2310 784 2368 pugnae3
834 2290 1130 2349 frontibus
1168 2292 1326 2350 enim
1366 2290 1624 2349 adversis
1664 2289 2124 2348 concurrendum

339 2392 482 2459 erat,
532 2386 687 2463 quia,
728 2386 896 2444 nullo
935 2385 1090 2444 circa
1133 2386 1210 2444 ad
1255 2386 1622 2463 evagandum
1660 2386 1867 2444 relicto
1911 2383 2119 2461 spatio,

290 2510 314 2548 3
338 2480 476 2539 hinc
503 2481 692 2539 amnis
710 2482 850 2540 hinc
863 2482 1128 2560 peditum
1147 2481 1299 2540 acies
1320 2482 1684 2540 claudebant.
1739 2481 1818 2537 In
1836 2480 2123 2537 directum

337 2578 614 2654 utrinque
638 2578 913 2652 nitentes,
936 2581 1231 2638 stantibus
1257 2600 1325 2638 ac
1351 2580 1626 2638 confertis
1640 2585 1931 2656 postremo
1946 2575 2125 2634 turba

337 2674 520 2751 equis,
547 2674 642 2732 vir
665 2675 861 2732 virum
888 2675 1194 2752 amplexus
1220 2675 1567 2734 detrahebat
1592 2693 1757 2751 equo,
1844 2672 2124 2731 Pedestre

336 2789 548 2847 magna
565 2771 684 2828 iam
700 2791 777 2829 ex
791 2778 959 2848 parte
979 2778 1274 2831 certamen
1289 2773 1511 2830 factum
1531 2778 1659 2830 erat
1668 2791 1688 2844 3
1716 2769 1904 2827 acrius
1921 2774 2125 2826 tamen

336 2887 512 2945 quam
549 2869 773 2927 diutius
808 2876 1134 2946 pugnatum
1173 2877 1280 2943 est,
1310 2869 1579 2946 pulsique
1606 2866 1861 2926 Romani
1894 2864 2123 2942 equites

284 2992 309 3027 4
334 2970 500 3041 terga
526 2971 780 3024 vertunt.
867 2966 990 3025 Sub
1016 2968 1304 3044 equestris
1339 2968 1516 3025 finem
1552 2964 1888 3024 certaminis
1922 2968 2125 3020 coorta

333 3066 423 3118 est
467 3061 732 3137 peditum
776 3082 990 3140 pugna,
1035 3064 1227 3140 primo
1273 3070 1336 3122 et
1372 3063 1599 3121 viribus
1640 3068 1702 3121 et
1740 3059 1952 3119 animis
1992 3077 2120 3134 par,

285 3186 310 3225 5
332 3156 475 3213 dum
513 3158 858 3216 constabant
897 3159 1130 3219 ordines
1172 3160 1363 3218 Gallis
1402 3158 1841 3236 Hispanisque,
1879 3154 2121 3213 tandem

333 3250 602 3327 Romani,
645 3253 750 3312 diu
788 3275 856 3313 ac
897 3274 1047 3332 saepe
1089 3255 1330 3329 connisi,
1371 3255 1608 3331 obliqua
1648 3255 1841 3311 fronte
1880 3251 2122 3326 acieque

331 3348 510 3408 densa
547 3350 832 3429 impulere
867 3353 1124 3411 hostium
1164 3371 1415 3412 cuneum
1454 3350 1632 3409 nimis
1665 3355 1903 3407 tenuem
1934 3365 2121 3422 eoque

1738 3465 1874 3542 Q
