2375 3842
319 229 442 287 ⁴110
958 226 965 234 '
1103 225 1332 286 LIVII
1429 281 1434 283 ,

324 387 441 451 quo
466 374 742 433 oneratus
773 376 905 433 s‘w'tn
928 373 1116 450 magis
1142 393 1319 451 quam
1345 373 1679 445 honoratus,
1710 373 1935 449 primus
1959 373 2110 432 anti-

324 491 442 548 quo
460 473 787 548 abrogoque
806 478 887 546 et,
909 473 1066 549 quod
1085 472 1199 529 tibi
1220 471 1480 547 mihique
1503 467 1703 550 [quod]
1728 470 2108 529 exercitibus-

324 588 439 646 que
490 569 584 626 his
631 569 768 639 tuis,
823 575 1054 626 servato
1094 588 1162 626 ac
1205 567 1614 641 conservatori,
1657 567 1737 626 sit
1775 567 1944 639 felix,
1997 569 2108 625 sub

322 664 634 742 imperium
673 666 1112 742 auspiciumque
1151 671 1325 723 tuum
1362 665 1535 722 redeo
1571 670 1632 722 et
1663 666 1831 741 signa
1869 665 1993 722 haec
2030 665 2108 722 le-

277 796 301 833 5
320 761 649 839 gionesque
682 762 947 822 restituo.
1031 763 1140 835 Tu,
1184 780 1400 839 quaeso,
1438 762 1704 838 placatus
1753 781 1849 820 me
1901 762 2109 838 magis-

325 859 542 916 terium
593 859 879 936 equitum,
941 860 1047 917 hos
1100 859 1335 917 ordines
1374 877 1510 916 suos
1560 877 1848 935 quemque
1906 866 2119 916 tenere·

265 976 301 1014 ι6
322 956 536 1014 iubeas.
545 955 575 984 '³
677 956 830 1013 Tum
877 956 1098 1014 dextrae
1143 957 1517 1013 interiunctae
1570 955 1919 1031 militesque,
1976 975 2109 1013 con-

322 1053 484 1111 tione
523 1053 779 1121 dimissa,
817 1053 911 1111 ab·
933 1054 1093 1111 notis
1131 1052 1465 1130 ignotisque
1495 1052 1746 1128 benigne
1776 1058 1952 1129 atque
1979 1052 2108 1110 hos-

321 1150 584 1226 pitaliter
628 1149 886 1223 invitati,
940 1150 1224 1227 laetusque
1276 1149 1400 1207 dies
1452 1169 1528 1207 ex
1579 1150 1893 1207 admodum
1944 1150 2106 1229 tristi

277 1281 300 1318 7
322 1247 494 1323 paulo
520 1252 661 1305 ante
685 1266 753 1305 ac
778 1265 962 1324 prope
995 1246 1340 1305 exsecrabili
1373 1246 1576 1305 factus.
1669 1245 1889 1317 Romae,
1920 1251 1990 1303 ut
2016 1253 2108 1304 est

320 1339 543 1419 perlata
567 1343 725 1401 fama
748 1343 838 1400 rei
862 1339 1063 1420 gestae,
1083 1344 1218 1402 dein
1246 1343 1464 1402 litteris
1489 1362 1606 1400 non
1634 1343 1817 1419 magis
1843 1343 2102 1420 ipsorum

317 1442 735 1520 imperatorum
771 1461 948 1520 quam
973 1442 1151 1517 vulgo
1177 1440 1439 1497 militum
1465 1459 1541 1497 ex
1566 1445 1815 1515 utroque
1842 1440 2106 1498 exercitu

319 1541 620 1612 affirmata,
650 1559 756 1617 pro
781 1559 842 1597 se
868 1539 1113 1615 quisque
1139 1536 1474 1594 Maximum
1499 1536 1771 1593 laudibus
1796 1536 1873 1593 ad
1897 1536 2106 1593 caelum

272 1655 297 1693 8
319 1636 485 1695 ferre.
570 1635 691 1693 Par
724 1635 910 1710 gloria
941 1634 1098 1710 apud
1130 1632 1542 1689 Hannibalem·
1555 1631 1864 1707 hostesque
1892 1631 2105 1690 Poenos

320 1735 485 1802 erat3
526 1749 594 1787 ac
632 1734 764 1786 tum
800 1729 1045 1786 demum÷
1074 1728 1307 1801 sentire,
1337 1747 1471 1784 cum
1508 1725 1793 1784 Romanis
1827 1726 2104 1801 atquem

271 1863 298 1901 9
321 1826 500 1884 Italia
538 1825 757 1883 bellum
794 1842 955 1898 esse;
992 1844 1133 1882 nam
1178 1824 1419 1882 biennio
1466 1831 1606 1881 ante
1643 1825 1787 1882 adeo
1826 1829 1888 1883 et
1925 1824 2103 1883 duces

321 1923 617 1981 Romanos
669 1928 731 1980 et
782 1922 1000 1980 milites
1051 1927 1411 1998 spreverant,
1463 1927 1535 1978 ut
1575 1921 1682 1980 vix
1725 1941 1859 1979 cum
1900 1922 2101 1981 eadem

318 2024 492 2095 gente
527 2019 750 2076 bellum
787 2038 910 2077 esse
942 2019 1260 2092 crederent,
1302 2019 1469 2076 euius
1514 2019 1842 2077 terribilem
1884 2020 2102 2078 famam

246 2148 297 2175 ιο
319 2136 355 2173 a
392 2117 660 2193 patribus
700 2116 1070 2193 accepissent.
1155 2097 1568 2173 Hannibalem
1596 2134 1826 2192 quoque
1864 2136 1941 2174 ex
1977 2118 2102 2176 acie

316 2214 658 2272 redeuntem
703 2214 920 2272 dixisse
962 2214 1181 2287 ferunt,
1231 2213 1470 2271 tandem
1514 2231 1645 2269 eam
1679 2213 1920 2285 nubem,
1971 2233 2102 2290 quae

316 2311 515 2370 sedere
553 2312 620 2369 in
657 2311 813 2388 iugis
851 2311 1144 2369 montium
1184 2309 1357 2368 solita
1395 2310 1491 2378 sit,
1531 2328 1666 2367 cum
1704 2310 1955 2385 procella
1994 2310 2102 2368 im-

317 2408 479 2467 brem
506 2408 744 2467 dedisse.

214 2505 289 2563 31
436 2506 603 2565 Dum
642 2504 767 2563 haec
801 2511 1088 2581 geruntur
1128 2502 1196 2561 in
1232 2502 1427 2575 Italia,
1460 2501 1564 2560 On.
1597 2502 1879 2561 Servilius
1907 2503 2101 2561 Gemi-

315 2623 512 2664 servmm
527 2622 645 2662 landa
661 2632 716 2662 on
754 2621 870 2659 nus
894 2601 1095 2659 consul
1121 2619 1256 2658 eum
1292 2599 1472 2656 classe
1511 2608 1736 2657 centwm
1766 2600 1978 2674 viyinti
2001 2619 2102 2657 na·

314 2669 713 2709 thecoastorAffiea
797 2697 810 2709 .
998 2696 1011 2709 .
1100 2703 1105 2709 .
1574 2695 1590 2708 .
1638 2694 1652 2708 .
2002 2695 2016 2709 .

314 2717 381 2771 1015
394 2715 571 2763 munder
591 2715 715 2754 bum
752 2716 917 2754 vium
962 2701 1382 2755 c1rcumvectus
1423 2694 1704 2753 Sardiniae
1745 2701 1807 2752 et
1854 2695 2102 2755 Corsicae

314 2762 458 2801 driven
485 2743 591 2800 haeft
615 2761 713 2801 with
1183 2792 1197 2805 .
1248 2793 1259 2805 .
1519 2790 1533 2803 .
1931 2792 1945 2805 .
2039 2792 2052 2805 .

315 2808 412 2853 10⁸⁸.
753 2811 932 2865 oram,
974 2797 1036 2850 et
1074 2793 1375 2851 obsidibus
1414 2796 1693 2866 utrinque
1729 2799 1995 2868 acceptis,
2034 2812 2102 2849 in

267 2920 291 2946 2
321 2888 590 2946 Africam
642 2889 985 2962 transmisit,
1051 2895 1113 2946 et
1174 2888 1517 2964 priusquam
1568 2888 1637 2944 in
1701 2889 2101 2945 continentem

319 2984 709 3042 escensionem
744 2984 977 3057 faceret,
1017 2984 1257 3060 Menige
1297 2983 1495 3041 insula
1531 2988 1764 3043 vastata
1797 2991 1861 3042 et
1895 2985 1971 3042 ab
2012 2985 2101 3041 in-

314 3080 638 3139 colentibus
679 3079 997 3153 Cercinam,
1034 3099 1111 3142 ne
1143 3086 1206 3137 et
1239 3080 1499 3156 ipsorum
1532 3086 1804 3137 ureretur
1827 3079 2101 3155 diripere-

312 3179 528 3251 turque
562 3195 716 3253 ager,
745 3177 944 3235 decem
977 3176 1221 3235 talentis
1252 3174 1484 3252 argenti
1517 3176 1785 3252 acceptis,
1813 3176 1891 3233 ad
1925 3177 2100 3235 litora

266 3299 289 3337 ³
314 3270 531 3330 Afrioae
571 3273 810 3331 accessit
854 3274 1164 3352 copiasque
1212 3271 1499 3349 exposuit.
1581 3271 1732 3331 Inde
1780 3273 1860 3331 ad
1910 3293 2100 3351 popu-2

311 3367 553 3428 landum
599 3389 804 3448 agrum
852 3371 1010 3428 ducti
1056 3370 1276 3430 milites
1325 3368 1676 3444 navalesque
1730 3369 1871 3427 socii
1926 3372 2100 3428 iuxta
