2375 3842
909 276 1170 335 LIBER
1220 273 1442 336 XXII.
1954 275 2067 338 147

206 359 321 406 „f”

406 427 726 504 Postquam
765 426 1029 484 Manlius
1070 425 1242 499 dixit,
1282 443 1619 503 quanquam
1658 432 1895 503 patrum
1934 445 2069 504 quo-
2098 427 2171 485 61

284 545 398 602 que
423 524 725 602 plerosque
753 522 974 600 captivi
1006 519 1351 600 cognatione
1387 522 1634 600 attinge-
1674 560 1759 602 Th„
1817 565 1956 603 senate
2007 574 2069 602 „-

283 624 442 694 bant,
474 626 687 698 praeter
721 619 1057 696 exemplum
1093 618 1352 677 civitatis
1388 619 1634 677 minime
1671 609 1983 695 ξξξωηξθξᾶ
1998 610 2070 695 {1¹12

280 719 346 776 in
372 717 633 796 captivos
661 718 778 775 iam
804 717 942 775 inde
971 716 1303 793 antiquitus
1328 715 1634 793 indulgen·
1671 702 1862 749 upum,

278 816 379 890 tis,
406 806 668 896 pecuniae
705 832 937 891 quoque
977 832 1206 871 summa
1236 812 1502 871 homines
1537 812 1743 884 movit,
1780 813 1921 890 quia
1960 831 2067 872 nec
2094 845 2116 871 α

280 912 548 970 serarium
576 910 902 983 exhaurire,
933 929 1144 987 magna
1169 910 1301 967 iam·
1318 927 1545 968 summa
1580 916 1817 987 erogata
1852 911 1919 968 in
1955 930 2069 969 ser-

278 1028 383 1067 vos
417 1009 493 1066 ad
528 1007 803 1065 militiam
839 1008 1112 1065 emendos
1149 1007 1588 1084 armandosque,
1617 1025 1726 1065 nec
1763 1006 2070 1064 Hanniba-

156 1149 163 1158 .
278 1105 413 1176 lem,
440 1105 697 1162 maxime
723 1103 963 1161 huiusce
995 1103 1101 1174 rei,
1130 1108 1201 1160 ut
1235 1102 1392 1160 fama
1427 1109 1569 1175 erat,
1600 1108 1882 1179 egentem,
1914 1102 2068 1161 locu-

277 1200 490 1278 pletari
515 1200 806 1260 volebant.
894 1201 1103 1271 Quum:
1121 1199 1293 1257 triste
1316 1218 1674 1277 responsum,
1702 1218 1824 1257 non
1856 1198 2067 1257 redimi
2092 1229 2115 1267 ³

277 1298 552 1375 captivos,
584 1298 881 1355 redditum
907 1302 1075 1370 esset,
1106 1314 1410 1372 novusque
1447 1314 1624 1374 super
1649 1300 1909 1355 veterem
1948 1295 2066 1353 luc-

280 1401 375 1451 tus
425 1399 517 1452 tot
569 1394 796 1452 iactura
842 1393 1073 1451 civium·
1114 1393 1377 1452 adiectus
1430 1399 1596 1468 esset,
1648 1411 1782 1451 cum
1836 1393 2065 1469 magnis

275 1491 508 1548 fletibus
534 1490 941 1567 questibusque
969 1490 1189 1566 legatos
1216 1489 1292 1547 ad
1318 1495 1550 1566 portam
1577 1489 1871 1566 prosecuti
1903 1495 2058 1547 sunt.

276 1587 453 1646 Unus
480 1606 554 1645 ex
579 1588 655 1645 iis
681 1587 920 1647 domum
945 1587 1107 1660 abiit,
1137 1588 1297 1664 quod
1321 1586 1516 1645 fallaci
1544 1587 1740 1645 reditu
1771 1586 1838 1644 in
1872 1592 2064 1645 castra
2090 1616 2109 1651 ⁴

272 1684 402 1742 iure
436 1684 701 1742 iurando·
719 1703 783 1743 se
821 1684 1177 1744 exsolvisset,
1263 1683 1434 1755 Quod
1474 1683 1579 1742 ubi
1616 1682 1883 1742 innotuit
1920 1682 2064 1741 rela-

272 1786 515 1858 tumque
542 1782 617 1839 ad
643 1786 924 1839 senatum·
938 1786 1058 1853 est,.
1073 1800 1276 1840 omnes
1303 1787 1658 1840 censuerunt
1694 1781 2063 1858 comprehen-
2197 1735 2209 1922 ἱ

271 1879 528 1937 dendum
574 1885 636 1938 et
682 1879 1019 1937 custodibus
1065 1879 1298 1956 publice
1342 1879 1495 1938 datis
1538 1878 1944 1938 deducendum
1986 1879 2062 1937 ad

272 1974 671 2034 Hannibalem
698 1995 836 2035 esse.
2144 1906 2277 2321 ἒ

388 2072 498 2131 Est
526 2078 588 2131 et
614 2073 731 2131 alia
757 2074 828 2131 de
857 2072 1106 2150 captivis
1132 2073 1315 2132 fama:
1343 2073 1543 2132 decem
1562 2073 1786 2174 ΡΨ
1801 2073 2058 2172 &nimi
2089 2103 2111 2139 5

268 2170 340 2227 de
371 2168 456 2227 eis
492 2189 676 2246 quum
711 2170 1049 2228 dubitatum
1089 2170 1155 2227 in
1186 2175 1404 2228 senatu
1443 2175 1613 2243 esset,
1655 2182 1732 2221 but
1754 2183 1825 2222 the
1846 2167 1993 2222 ceiam
2018 2182 2062 2239 qr

267 2263 721 2322 admitterentur
743 2265 809 2322 in
833 2265 1040 2322 urbem
1067 2283 1265 2337 necne,
1295 2265 1383 2323 ita
1412 2264 1620 2322 admis-
1658 2230 2058 2321 Qffiwffgsffiffl‘

266 2378 359 2418 sos
406 2378 545 2433 esse,
594 2380 671 2419 ne
719 2367 918 2419 tamen
959 2361 1036 2419 iis
1081 2366 1320 2419 senatus
1363 2362 1639 2435 daretur3
1693 2361 2058 2419 morantibus
2084 2384 2108 2420 6

265 2455 475 2514 deinde
505 2455 736 2533 longius
771 2458 1034 2514 omnium
1071 2476 1188 2535 spe,
1220 2457 1366 2515 alios
1401 2462 1521 2515 tres
1555 2457 1797 2534 insuper
1834 2458 2057 2535 legatos

264 2552 508 2626 venisse,
539 2553 603 2611 L.
643 2553 1011 2611 Scribonium
1049 2560 1110 2612 et
1148 2554 1215 2612 O:
1256 2553 1642 2631 Calpurnium
1680 2560 1742 2613 et
1780 2554 1847 2616 L.
1888 2554 2057 2613 Man-

262 2649 447 2722 lium3
489 2654 620 2707 tum
647 2649 878 2707 demum
910 2650 1260 2726 ab·cognato
1288 2650 1578 2709 Scribonii
1605 2651 1843 2709 tribuno
1868 2652 2055 2730 plebis
2084 2674 2105 2711 7

263 2748 335 2806 de
386 2746 742 2805 redimendis
796 2746 1047 2823 captivis
1100 2747 1353 2805 relatum
1407 2766 1547 2816 esse,
1601 2767 1712 2806 nec
1763 2749 2055 2807 censuisse

261 2843 624 2902 redimendos
652 2847 959 2917 senatum3
998 2849 1059 2901 et
1084 2863 1269 2902 novos
1296 2844 1516 2922 legatos
1553 2850 1673 2903 tres
1710 2846 1785 2903 ad
1822 2844 2054 2904 Hanni-

259 2939 450 2997 balem
489 2940 814 3011 revertisse,
845 2939 1044 2997 decem
1083 2946 1311 2999 veteres
1350 2941 1712 3014 remansisse,
1752 2942 1910 3017 quod
1948 2961 2053 3018 per
2078 2956 2101 2994 8

260 3055 491 3094 causam
529 3036 977 3113 recognoscendi
1015 3037 1257 3095 nomina
1296 3038 1664 3114 captivorum
1704 3038 1779 3095 ad
1821 3037 2051 3095 Hanni-

260 3128 451 3187 balem
487 3149 564 3187 ex
600 3130 814 3188 itinere
853 3130 1100 3207 regressi
1138 3131 1419 3208 religione
1459 3151 1583 3189 sese
1624 3130 2045 3206 exsolvissent,

259 3223 333 3282 de
377 3224 452 3283 iis
499 3225 777 3284 dedendis
824 3246 1036 3303 magna
1084 3227 1459 3286 contentione
1499 3232 1698 3285 actum
1736 3227 1802 3284 in
1841 3233 2049 3285 senatu

258 3339 398 3394 esse,
426 3320 726 3399 victosque
766 3323 963 3399 paucis
1004 3324 1329 3396 sententiis,
1373 3322 1478 3400 qui
1517 3323 1811 3381 dedendos
1850 3343 2047 3383 censu-

258 3417 415 3475 erint
422 3437 440 3491 3
467 3423 726 3478 ceterum
750 3418 1034 3497 proximis
1061 3420 1397 3479 censoribus
1423 3420 1567 3478 adeo
1594 3421 1862 3479 omnibus
1889 3422 2046 3478 notis
2070 3439 2097 3479 9

1662 3536 1872 3597 10-2
