2375 3842
324 253 436 313 148
816 255 1041 317 LIVII
1093 256 1351 318 LIBER
1402 257 1618 315 XXII.

316 398 768 478 ignominiisque
795 402 1086 462 confectos
1111 422 1252 476 esse,
1271 407 1342 461 ut
1366 402 1604 480 quidam
1632 420 1834 460 eorum
1852 406 2103 459 mortem

317 497 430 554 sibi
467 497 583 575 ipsi
621 500 919 577 extemplo
958 501 1366 575 consciverint,
1394 500 1574 558 ceteri
1608 519 1729 558 non
1760 498 1885 557 foro
1910 498 2102 557 solum

316 594 477 652 omni
511 594 720 654 deinde
745 597 887 671 vita,
917 599 1019 657 sed
1044 618 1224 675 prope
1250 598 1379 655 luce
1411 617 1478 656 ac
1513 597 1746 674 publico
1784 594 2096 655 caruerint.

244 731 292 757 ,ο
315 691 530 749 Mirari
571 692 773 770 magis,
817 695 961 753 adeo
1005 695 1329 772 discrepare
1376 693 1533 752 inter
1574 699 1857 767 auctores,
1902 711 2100 771 quam,

301 788 459 864 ‚quid
484 788 610 847 veri
635 789 730 864 sit,
760 790 1083 850 discernere
1111 810 1304 869 queas.

436 883 672 954 Quanto
707 893 905 948 autem
945 889 1132 947 maior
1165 908 1236 946 ea
1270 888 1461 948 clades
1497 887 1892 964 superioribus
1927 885 2100 944 cladi-

313 1026 402 1067 Th,
411 1026 598 1067 nomm
609 1028 714 1067 hear
750 985 862 1043 bus
905 985 1101 1058 fuerit,
1147 985 1246 1044 vel
1292 1003 1363 1043 ea
1402 1002 1497 1043 res
1541 984 1758 1043 indicio
1804 992 1900 1057 est,
1946 983 2103 1059 quod

312 1074 709 1159 ῗῆὠῗᾙῆζρζζοξῇ
733 1083 887 1157 fides
923 1082 1222 1155 sociorum,
1265 1101 1396 1158 quae
1438 1082 1514 1140 ad
1556 1102 1686 1140 eam
1732 1081 1890 1140 diem
1928 1080 2099 1137 firma

311 1165 517 1251 33ζίᾞὲ
539 1167 715 1260 Q}
753 1186 1013 1253 steterat,
1042 1186 1171 1237 tum
1201 1179 1398 1237 labare
1423 1179 1614 1255 coepit,
1643 1178 1809 1236 nulla
1839 1178 2098 1258 profecto

309 1268 443 1306 ΡΜ
748 1276 864 1334 alia
906 1276 978 1334 de
1016 1296 1081 1335 re
1120 1295 1300 1354 quam
1338 1277 1493 1354 quod
1532 1276 1983 1352 desperaverant
2021 1274 2095 1332 de

238 1409 281 1435 ιι
308 1371 566 1449 imperio.
620 1373 899 1432 Defecere
914 1379 1117 1431 autem
1138 1374 1216 1431 ad
1236 1373 1447 1432 Poenos
1469 1373 1532 1430 hi
1550 1372 1779 1450 populi:
1805 1371 2092 1444 Atellani,

312 1469 583 1545 Calatini,
640 1469 904 1546 Hirpini,
960 1469 1296 1547 Apulorum
1348 1489 1497 1546 pars,
1545 1468 1838 1527 Samnites
1882 1473 2096 1545 praeter

237 1604 283 1631 12
310 1566 576 1641 Pentros,
607 1567 836 1625 Bruttii
870 1585 1087 1638 omnes,
1118 1565 1361 1638 Lucani,
1402 1571 1614 1642 praeter
1647 1565 1755 1623 hos
1791 1564 2091 1636 Uzentini,

308 1669 371 1722 et
396 1664 731 1723 Graecorum
758 1664 947 1721 omnis
973 1663 1156 1721 ferme
1182 1682 1300 1735 ora,
1331 1662 1654 1736 Tarentini,
1677 1661 2092 1739 Metapontini,

235 1785 284 1821 ¹3
311 1759 714 1818 Crotonienses
742 1759 1048 1836 Locrique,
1075 1765 1138 1817 et
1163 1759 1447 1834 Cisalpini
1478 1777 1678 1832 omnes
1705 1758 1881 1818 Galli.
1965 1757 2094 1815 Nec

308 1862 507 1915 tamen
533 1876 613 1915 eoe
641 1856 830 1915 clades
857 1856 1322 1932 defectionesque
1349 1857 1637 1914 sociorum
1665 1862 1993 1928 moverunt,
2022 1863 2094 1913 ut

307 1951 465 2027 pacis
491 1970 738 2028 usquam
764 1952 985 2009 mentio
1011 1951 1168 2027 apud
1195 1951 1491 2009 Romanos
1516 1951 1714 2023 fieret,
1728 1970 1919 2028 neque
1953 1960 2093 2009 ante

308 2044 559 2102 consulis
611 2045 865 2102 Romam
917 2044 1240 2102 adventum
1292 2064 1400 2102 nec
1450 2051 1759 2122 postquam
1810 2045 1864 2103 is
1915 2045 2093 2103 rediit

233 2171 280 2205 η
306 2141 728 2218 renovavitque
767 2142 1107 2199 memoriam
1144 2147 1391 2218 acceptae
1431 2140 1649 2216 cladis,
1692 2161 1808 2219 quo
1847 2142 1914 2199 in
1947 2147 2092 2200 tem-

304 2258 444 2316 pore
483 2238 612 2317 ipso
654 2239 798 2298 adeo
840 2257 1052 2315 magno
1092 2237 1290 2296 animo
1332 2237 1542 2295 civitas
1581 2237 1713 2309 fuit,
1752 2243 1823 2296 ut
1866 2236 2093 2295 consuli

304 2360 442 2400 varro
471 2369 527 2398 on
549 2359 614 2398 his
635 2369 700 2397 re-
738 2356 815 2395 ex
850 2344 1023 2394 tanta
1058 2335 1236 2409 clade,
1267 2335 1432 2392 cuius
1467 2335 1592 2411 ipse
1628 2354 1803 2393 causa
1833 2337 2093 2394 maxima

303 2408 403 2490 3¹13}
428 2406 702 2497 Ῑῗοωῧῖἷοιῖἒῖι,
738 2434 959 2506 fuisset,
991 2419 1266 2491 redeunti
1291 2438 1352 2491 et
1378 2433 1612 2490 obviam
1636 2432 1791 2490 itum
1827 2433 2091 2510 frequen-

515 2463 538 2490 1·

303 2462 701 2591 ffltm'i'tiifisffls’
740 2537 834 2589 ter
879 2531 954 2588 ab
1000 2530 1272 2587 omnibus
1315 2528 1619 2587 ordinibus
1660 2530 1742 2587 sit
1783 2535 1847 2587 et
1886 2530 2090 2607 gratiae

304 2590 466 2675 ivssaii‘ss.
495 2599 700 2628 common·
739 2633 901 2701 actae,
920 2628 1079 2704 quod
1103 2627 1177 2685 de
1202 2646 1268 2685 re
1294 2626 1528 2703 publica
1552 2645 1673 2684 non
1694 2626 2055 2703 desperasset
2067 2647 2089 2698 3

234 2757 277 2795 ις
305 2724 410 2800 qui
442 2722 497 2781 si
532 2721 1106 2797 Carthaginiensium
1142 2721 1350 2780 ductor
1384 2720 1604 2793 fuisset,
1635 2720 1786 2779 nihil
1823 2740 2090 2779 recusan-

304 2822 444 2878 dum
471 2817 743 2896 supplicii
768 2819 935 2878 foret.
