2375 3842
332 248 409 313 ‘58
978 303 985 312 .
1112 244 1210 311 LI
1216 248 1345 311 VII

284 425 294 439 ⁵
333 407 483 472 eum,
539 399 736 457 animo
782 398 969 474 magis
1020 402 1198 475 q'uam
1251 400 1488 472 corpore
1540 405 1775 471 aegrum,
1832 395 2113 470 memoria

286 519 309 557 3
331 494 592 552 vulneris
636 494 816 552 aciem
872 513 940 553 ac
985 494 1107 553 tela
1139 494 1389 551 horrere.
1493 492 1610 551 Sed
1648 511 1769 549 non
1809 511 1930 551 esse
1977 512 2109 553 cum

331 609 483 666 aegro
523 590 950 650 senescendum.
1037 589 1194 659 Quid
1221 590 1373 646 enim
1418 588 1578 647 ultra
1609 589 1834 647 differri
1859 595 1964 647 aut
1998 591 2113 648 teri
2168 578 2172 583 ’

329 687 598 762 tempus'i
652 705 824 762 quem
867 685 1111 744 tertium
1155 685 1468 759 consulem,
1510 704 1685 761 quem
1728 685 1911 743 alium
1953 704 2113 743 exer-

282 812 307 850 4
330 781 513 839 citum
540 782 898 859 exspectaril
977 782 1184 841 Castra
1224 781 1795 857 Carthaginiensium
1833 781 1900 839 in
1933 781 2114 839 Italia

329 897 397 935 ac
442 896 621 954 prope
661 878 728 934 in
771 884 1082 956 conspectu
1122 874 1287 936 urbis
1328 897 1467 935 esse.
1558 877 1700 935 Non
1741 877 1999 936 Siciliam
2044 898 2112 935 ac

331 971 678 1044 Sardiniam,
733 973 909 1030 victis
962 973 1281 1049 ademptas,
1337 991 1443 1030 nec
1494 971 1580 1030 cis
1634 972 1929 1030 Hiberum
1972 972 2114 1030 His-

328 1067 563 1142 paniam
606 1069 743 1144 peti,
785 1069 886 1127 sed
931 1069 1051 1126 solo
1093 1068 1286 1144 patrio
1332 1074 1620 1144 terraque,
1664 1068 1731 1124 in
1770 1087 1886 1147 qua
1924 1067 2109 1143 geniti

282 1190 306 1227 5
328 1164 549 1236 forents
573 1165 716 1241 pelli
755 1165 1065 1223 Romanoa
1159 1169 1195 1197 “
1215 1165 1518 1235 Quantum
1557 1164 1941 1239 ingemiscant
1956 1163 1987 1190 ''
2027 1165 2115 1220 in-

329 1261 462 1334 quit
503 1263 537 1294 “
554 1267 750 1336 patres
792 1262 996 1334 nostri,
1036 1261 1195 1334 circa
1233 1260 1449 1318 moenia
1488 1261 1860 1337 Carthaginis
1895 1260 2113 1318 bellare

327 1356 504 1427 soliti,
533 1355 585 1412 si
621 1357 862 1415 videant
901 1376 1025 1429 nos,
1065 1358 1402 1434 progeniem
1442 1377 1626 1429 suam,
1668 1359 1812 1436 duos
1851 1357 2114 1416 consules

327 1453 767 1530 consularesque
795 1455 1103 1527 exercitus,
1132 1455 1200 1512 in
1225 1455 1418 1512 media
1444 1455 1626 1514 Italia
1651 1462 1929 1532 paventes
1954 1456 2114 1514 intra

329 1555 530 1623 castra,
582 1549 848 1623 Poenum,
906 1551 1062 1627 quod
1116 1551 1277 1609 inter
1327 1551 1517 1627 Alpes
1572 1553 2114 1629 Appenninumque

281 1666 305 1703 ⁶
328 1645 455 1719 agri
500 1645 596 1716 sit,
646 1664 763 1702 suae
801 1645 1047 1703 dicionis
1092 1646 1293 1705 fecisse
1312 1646 1368 1704 ‘3'’
1457 1646 1607 1704 Haec
1654 1646 1913 1704 assidens
1959 1665 2112 1722 aegro

327 1740 574 1816 collegae,
603 1734 725 1799 haec
750 1742 817 1799 in
850 1743 1122 1819 praetorio
1162 1762 1345 1820 prope
1382 1743 1887 1801 contionabundus
1922 1762 2107 1818 agere.

329 1836 684 1894 Stimulabat
717 1843 781 1894 et
815 1842 1047 1914 tempus
1080 1839 1477 1915 propinquum
1511 1838 1897 1910 comitiorum,
1934 1857 2010 1896 ne
2045 1838 2113 1895 in

328 1951 510 2015 novos
536 1932 800 1992 consules
819 1934 1037 1993 bellum
1059 1935 1409 2007 differretur,
1434 1942 1496 1993 et
1521 1935 1740 1993 occasio
1760 1934 1824 1991 in
1844 1953 1905 1992 se
1924 1953 2107 1992 unum

281 2057 304 2094 7
327 2031 622 2091 vertendae
656 2032 871 2109 gloriae,
909 2034 1050 2091 dum
1086 2053 1240 2109 aeger
1276 2034 1494 2110 collega
1528 2039 1670 2091 erat.
1755 2032 1984 2109 Itaque,
2014 2052 2118 2098 ne,-

326 2126 636 2204 quicquam
673 2128 1053 2188 dissentiente
1079 2130 1369 2201 Corneli0,
1396 2130 1591 2206 parari
1616 2130 1693 2187 ad
1718 2130 2112 2206 propinquum

326 2230 619 2282 certamen
643 2226 860 2284 milites
885 2228 1065 2286 iubet.

445 2320 756 2379 Hannibal
772 2343 972 2400 quum,
996 2323 1140 2401 quid
1158 2323 1446 2400 optimum
1466 2323 1617 2380 foret
1636 2321 1809 2393 hosti,
1829 2327 2106 2394 cerneret,

321 2441 404 2480 and
441 2442 582 2481 auom
619 2433 723 2480 him-
760 2424 865 2480 vix
905 2423 1087 2480 ullam
1141 2441 1304 2499 spem
1349 2422 1616 2492 habebat,
1664 2426 1880 2477 temere
1932 2425 2110 2495 atque

323 2488 402 2525 sels
428 2490 473 2526 to
501 2487 552 2526 be
582 2486 722 2525 drawn
764 2521 777 2534 ,
993 2521 1005 2533 .
1232 2519 1245 2532 .

322 2533 411 2571 into
426 2533 631 2580 ageneral
653 2543 721 2571 en-
760 2521 1083 2596 improvide
1146 2536 1457 2596 quicquam
1517 2517 1779 2576 consules
1844 2521 2108 2589 acturos;

277 2642 301 2681 s
321 2579 597 2671 {lagbgffentby
606 2578 722 2616 Hm
760 2636 943 2692 quum
985 2616 1229 2674 alterius
1261 2614 1579 2690 ingenium,
1616 2613 1772 2670 fama
1803 2612 1981 2689 prius,
2014 2611 2111 2668 de·

321 2711 460 2769 inde
493 2731 559 2770 re
598 2714 912 2789 cognitum,
953 2712 1242 2788 percitum
1297 2729 1365 2768 ac
1415 2711 1582 2768 ferox
1627 2709 1801 2767 sciret
1845 2726 1985 2779 esse,
2031 2707 2108 2764 fe-

320 2808 622 2884 rociusque
660 2808 880 2866 factum
918 2826 1190 2884 prospero
1216 2825 1352 2864 cum
1376 2805 1797 2881 praedatoribus
1836 2803 1957 2861 suis
1991 2822 2109 2861 cer-

321 2903 544 2961 tamine
592 2905 869 2978 crederet,
912 2904 1110 2962 adesse
1152 2903 1419 2980 gerendae
1471 2902 1560 2960 rei
1604 2903 1901 2959 fortunam
1946 2899 2106 2957 haud

272 3015 297 3054 9
320 3000 632 3057 diffidebat.
721 3000 905 3058 Cuius
930 3018 1007 3057 ne
1033 2999 1189 3075 quod
1220 2998 1697 3076 praetermitteret
1720 3003 1968 3074 tempus,
1997 2997 2107 3054 sol·

320 3094 518 3152 licitus
545 3096 928 3171 intentusque
955 3102 1098 3165 erat,
1127 3095 1270 3152 dum
1302 3094 1419 3152 tiro
1449 3093 1709 3151 hostium
1742 3093 1909 3151 miles
1934 3099 2101 3166 esset,

319 3189 459 3246 dum
486 3180 782 3248 meliorem
809 3210 885 3248 ex
912 3190 1156 3248 ducibus
1175 3189 1448 3246 inutilem
1465 3188 1680 3247 vulnus
1706 3187 1936 3257 faceret,
1960 3186 2103 3244 dum

249 3303 299 3336 ¹0
320 3285 622 3344 Gallorum
661 3286 847 3344 animi
875 3287 1160 3362 vigerent,
1208 3303 1457 3362 quorum
1497 3284 1795 3361 ingentem
1834 3281 2103 3339 multitu-

317 3386 525 3447 dinem,
560 3386 779 3446 sciebat
824 3386 1055 3464 segnius
1096 3390 1445 3458 secuturam,
1489 3389 1710 3468 quanto
1750 3382 1982 3458 longius
2020 3381 2099 3440 ab
