2375 3842
323 237 403 299 90
1103 237 1331 300 LIVII
1461 244 1468 248 ’

273 419 298 456 ⁷
321 408 390 448 ac
428 387 778 447 Maurorum
818 386 938 447 iam
978 387 1198 447 factam
1235 386 1584 447 videamus?
1670 388 1789 459 Qui
1814 385 1987 447 modo
2016 389 2116 448 Sa·

319 491 572 562 guntum
608 484 936 564 oppugnari
971 485 1336 564 indignando
1379 504 1503 544 non
1547 484 1814 544 homines
1854 490 2113 558 tantum,

321 582 424 641 sed
461 583 676 641 foedera
715 590 779 641 et
817 584 956 642 deos
995 582 1308 655 ciebamuS,
1345 582 1720 641 scandentem
1756 583 1972 640 moenia
1998 582 2117 640 Ro-

273 698 299 738 s
322 699 508 738 manae
543 680 781 739 coloniae
817 679 1223 739 Hannibalem
1256 678 1408 737 lenti
1454 685 1802 756 spectamus,
1887 679 2117 736 Fumus

323 796 400 834 ex
435 776 722 835 incendiis
752 775 1033 834 villarum
1070 792 1460 853 agrorumque
1493 774 1560 831 in
1585 773 1783 831 oculos
1807 777 1986 850 atqoe
2012 792 2117 831 ora

319 872 526 948 venit3
558 880 831 951 strepunt
849 871 1021 932 aures
1046 872 1397 948 clamoribus
1422 870 1782 949 plorantium
1808 871 2112 943 sociorum,

322 969 531 1047 saepius
555 975 822 1028 nostram
847 988 1028 1048 quam
1054 968 1300 1026 deorum
1323 966 1730 1025 invocantium
1755 985 1924 1044 opem
1944 986 1964 1041 ;
2007 986 2115 1025 nos

318 1067 417 1125 hic
447 1085 724 1144 pecorum
761 1066 936 1125 modo
973 1085 1081 1143 per
1110 1065 1344 1123 aestivos
1375 1063 1560 1122 saltus
1599 1062 1912 1141 deviasque
1939 1063 2116 1121 calles

269 1194 297 1233 9
320 1164 644 1224 exercitum
671 1164 958 1235 ducimus,
986 1162 1212 1221 conditi
1237 1160 1496 1220 nubibus
1523 1160 1819 1236 silvisque.
1900 1159 1969 1218 si
2003 1159 2122 1219 hoc*

319 1262 492 1320 modo
534 1261 897 1340 peragrando
942 1260 1245 1318 eacumina
1286 1257 1588 1335 saltusque
1633 1257 1720 1317 M.
1769 1257 1988 1315 Furius
2029 1276 2117 1315 re-

319 1358 510 1436 cipere
545 1377 583 1416 a
620 1358 809 1417 Gallis
845 1359 1056 1416 urbem
1079 1357 1383 1429 voluisset,
1414 1373 1533 1432 quo
1559 1353 1657 1413 hic
1683 1373 1872 1412 novus
1900 1353 2113 1412 Camil-

319 1456 430 1528 lus,
470 1455 639 1513 nobis
678 1455 934 1513 dictator
972 1452 1181 1511 unicus
1220 1451 1290 1510 in
1329 1452 1504 1510 rebus
1541 1449 1765 1508 affectis
1811 1453 2110 1527 quaesitus,

248 1582 296 1608 ιο
321 1550 561 1610 Italiam
627 1551 703 1610 ab
770 1549 1116 1609 Hannibale
1174 1565 1518 1626 recuperare
1561 1554 1751 1626 parat,
1809 1548 2115 1607 Gallorum

317 1649 512 1707 Roma
551 1653 721 1719 esset,
762 1666 943 1725 quam
980 1664 1187 1704 vereor
1225 1664 1320 1718 ne,
1357 1644 1441 1703 sic
1477 1645 1890 1704 cunctantibus
1922 1645 2112 1718 nobis,

317 1743 650 1803 Hannibali
681 1762 750 1802 ao
790 1742 992 1801 Poenis
1030 1741 1205 1800 toties
1236 1741 1604 1801 servaverint
1629 1741 1878 1800 maiores
1904 1743 2109 1802 nostri.

245 1873 291 1901 n
319 1841 438 1901 Sed
475 1840 572 1898 vir
609 1859 676 1898 ac
714 1859 855 1899 vere
892 1838 1216 1913 Romanus,
1265 1857 1382 1915 quo
1436 1838 1531 1897 die
1578 1837 1922 1897 dictatorem
1975 1858 2115 1899 eum

316 1958 395 1998 ex
427 1937 780 1996 auctoritate
825 1944 1064 2014 patrum
1110 1936 1389 2013 iussuque
1425 1936 1631 2014 populi
1661 1935 1886 1995 dictum
1926 1937 2116 1997 Veios

315 2037 562 2095 allatum
607 2042 717 2108 est,
764 2054 950 2113 quum
1001 2041 1155 2094 esset
1195 2035 1339 2095 satis
1374 2035 1564 2094 altum
1609 2034 1960 2107 Ianiculum,
2006 2035 2114 2094 ubi

313 2130 522 2189 sedens
542 2135 937 2208 prospectaret
962 2130 1211 2202 hostem,
1244 2130 1547 2190 descendit
1572 2127 1637 2188 in
1670 2149 1904 2207 aequum
1933 2137 2116 2208 atque

310 2228 418 2288 illo
458 2227 588 2307 ipso
633 2227 729 2286 die
771 2227 965 2287 media
999 2227 1066 2286 in
1098 2228 1262 2303 urbe,
1302 2246 1420 2306 qua
1458 2246 1620 2285 nunc
1664 2227 1840 2285 busta
1883 2226 2115 2286 Gallica

311 2331 470 2399 sunt,
518 2333 581 2386 et
635 2332 867 2403 postero
921 2325 1018 2383 die
1070 2324 1222 2384 citra
1273 2323 1492 2382 Gabios
1545 2322 1754 2381 cecidit
1802 2322 2111 2382 Gallorum

238 2455 286 2481 ι,
310 2422 580 2500 legiones.
667 2423 865 2494 Quid?
897 2429 1033 2499 post
1058 2422 1279 2480 multos
1303 2438 1489 2478 annos
1514 2438 1700 2496 quum
1722 2420 1800 2478 ad
1823 2419 2114 2479 Furculas

311 2519 611 2580 Caudinas
649 2521 725 2577 ab
775 2518 1041 2578 Samnite
1079 2518 1250 2576 hoste
1290 2516 1401 2576 sub
1440 2516 1645 2592 iugum
1683 2516 1849 2575 missi
1885 2535 2106 2590 sumus,

308 2623 513 2675 utrum
553 2616 792 2675 tandem
836 2617 904 2676 L,
956 2614 1233 2692 Papirius
1280 2613 1498 2673 Cursor
1535 2612 1676 2689 iuga
1715 2613 1946 2672 Samnii
1981 2634 2111 2692 per-

307 2713 613 2772 lustrando
666 2732 746 2770 an
813 2711 1124 2770 Luceriam
1175 2711 1492 2789 premendo
1545 2709 1979 2788 obsidendoque
2045 2720 2111 2772 et

306 2809 641 2869 lacessendo
693 2809 978 2868 victorem
1038 2808 1269 2868 hostem
1330 2807 1639 2885 depulsum
1690 2809 1765 2866 ab
1820 2808 2109 2869 Romanis

231 2932 278 2969 13
306 2907 629 2966 cervicibus
667 2907 875 2984 iugum
915 2906 1169 2983 superbo
1218 2903 1472 2963 Samniti
1523 2903 1843 2982 imposuit?
1922 2904 2109 2964 Modo

307 3003 371 3065 O.
402 3003 648 3063 Lutatio
674 3024 804 3082 quae
830 3004 950 3062 alia
974 3022 1069 3062 res
1095 3022 1274 3080 quam
1304 2999 1571 3060 celeritas
1590 3001 1901 3060 victoriam
1915 3001 2102 3076 dedit,

304 3101 463 3178 quod
487 3107 720 3179 postem
755 3100 868 3173 die,
913 3118 1094 3178 quam
1128 3099 1360 3156 hostem
1392 3096 1564 3169 vidit,
1595 3095 1840 3155 classem
1863 3116 2104 3174 gravem

303 3198 737 3272 commeatibus,
784 3195 1135 3274 impeditam
1175 3199 1409 3253 suomet
1458 3192 1650 3269 ipsam
1702 3193 2105 3253 instrumento

227 3329 275 3366 ι,
302 3301 480 3372 atque
518 3300 821 3372 apparatu,
864 3292 1199 3371 oppressit?
1282 3288 1556 3350 Stultitia
1588 3295 1679 3348 est
1710 3290 1964 3349 sedendo
1994 3298 2106 3350 aut

301 3391 457 3472 votis
501 3390 782 3451 debellari
828 3390 1064 3449 credere
1110 3407 1299 3467 posse.
1392 3388 1585 3445 Arma
1630 3386 1825 3464 capias
1866 3393 2106 3467 oportet
