2375 3842
920 205 1187 273 LIBER,
1231 205 1410 264 XXI.
2011 209 2047 267 ⁷

261 353 533 412 Africam
566 352 905 412 traiicerent
930 373 999 412 ao
1024 353 1314 412 sociorum
1345 353 1548 431 populi
1580 352 1838 413 Romani
1862 356 2049 431 queri·

260 451 491 509 monins
535 451 846 523 deferrent,
889 450 1000 508 hac
1039 449 1331 528 legatione
1380 451 1614 509 decreta
1650 466 1728 507 bnt
1742 466 1881 507 before
1890 467 2051 507 mh..-
2078 463 2102 503 s

261 547 516 605 necdum
557 547 750 620 missa,
786 547 1049 605 omnium
1089 566 1193 624 spe
1228 547 1473 607 celerius
1513 549 1613 608 Sa-
1650 513 2051 599 &venri-amm&

262 647 518 718 guntum
543 641 871 719 oppugnari
895 641 1141 699 allatum
1168 648 1273 701 est.
1338 642 1503 702 Tunc
1528 662 1615 702 re-
1651 610 1768 692 issuo
1798 606 1969 692 noni?
1991 606 2052 646 ἰ’
2078 659 2104 699 6

264 741 387 798 lata
414 739 486 797 de
511 739 741 814 integro
768 758 863 797 res
889 738 965 796 ad
991 747 1299 813 senatum3
1341 745 1402 798 et
1427 739 1533 798 alii
1566 740 1898 818 provincias
1924 761 2055 801 con·

264 836 493 893 sulibus
535 836 892 910 Hispaniam
932 841 1111 912 atque
1154 835 1428 895 Africam
1474 836 1852 897 decernentes
1896 846 2058 898 terra

263 932 530 1008 marique
562 951 688 990 rem
722 932 1035 1008 gerendam
1076 933 1412 1007 censebant,
1437 934 1541 992 alii
1577 940 1772 993 totum
1811 935 1878 995 in
1914 935 2055 994 His-

263 1029 502 1107 paniam
548 1027 1066 1105 Hannibalemque
1112 1028 1502 1089 intendebant
1547 1031 1809 1104 bellum3
1865 1040 2049 1105 erant,
2078 1058 2103 1094 τ

264 1125 371 1202 qui
395 1144 517 1183 non
554 1131 774 1183 temere
805 1125 1154 1183 movendam
1190 1145 1317 1184 rem
1351 1133 1580 1185 tantam
1617 1129 2056 1204 exspectandos-

265 1241 380 1298 que
423 1241 501 1280 ex
543 1222 840 1299 Hispania
881 1222 1104 1298 legatos
1146 1229 1465 1283 censerent.
1550 1223 1699 1281 Haec
1740 1225 2050 1299 sententia,
2078 1242 2102 1279 ε

265 1338 396 1395 quae
436 1319 732 1377 tutissima
766 1317 1097 1391 videbatur,
1124 1317 1286 1392 vicit,
1322 1318 1617 1396 legatique
1656 1339 1724 1378 eo
1764 1322 2053 1379 maturius

265 1416 447 1488 missi,
488 1416 556 1476 P.
586 1416 866 1474 Valerius
910 1415 1155 1473 Flaccus
1202 1421 1265 1474 et
1308 1414 1376 1486 Q„
1419 1416 1653 1474 Baebius
1691 1416 2049 1494 Tamphilus,

267 1511 599 1588 Saguntum
637 1511 713 1569 ad
738 1511 1142 1570 Hannibalem
1171 1516 1351 1588 atque
1376 1511 1515 1570 inde
1543 1512 1973 1589 Carthaginem,
2002 1515 2057 1573 si

265 1627 392 1666 non
432 1608 815 1668 absisteretur
868 1608 1037 1681 bello,
1082 1607 1159 1666 ad
1213 1607 1421 1666 ducem
1472 1608 1669 1687 ipsum
1717 1610 1783 1668 in
1824 1630 2056 1687 poenam

266 1704 507 1764 foederis
533 1705 699 1782 rupti
726 1705 1168 1781 deposcendum.

388 1801 552 1885 Dum
579 1821 649 1860 ea
668 1796 927 1860 Romani
951 1807 1164 1878 parant
1190 1803 1658 1880 consultantque,
1688 1804 1808 1861 iam
1836 1804 2058 1882 Sagun·
2083 1808 2119 1867 7

266 1906 398 1957 tum
423 1918 653 1957 summa
678 1899 743 1956 vi
769 1899 1231 1976 oppugnabatur.
1294 1900 1520 1958 Civitas
1547 1919 1616 1957 ea
1654 1946 1727 1985 um
1765 1945 1870 1994 „m
1904 1945 1951 1985 0,
1985 1946 2057 1985 3⁸·
2083 1933 2107 1960 ι

268 1996 438 2073 longe
474 1995 919 2072 opulentissima
956 1994 1118 2053 ultra
1143 1996 1442 2054 Hiberum
1473 1995 1612 2066 fuit,
1653 1995 1832 2040 guntum
1848 1992 1883 2031 ‘⁸
1900 1992 2035 2040 begua

269 2095 387 2152 sita
419 2112 624 2171 passus
657 2093 822 2151 mille
855 2093 1040 2151 ferme
1073 2113 1111 2151 a
1144 2094 1310 2154 mari.
1396 2093 1652 2152 Oriundi
1684 2113 1723 2150 a
1755 2091 2057 2168 Zacyntho

268 2191 463 2249 insula
489 2191 785 2263 dicuntur,
816 2190 1111 2267 mixtique
1138 2191 1316 2248 etiam
1352 2192 1427 2248 ab
1466 2191 1672 2247 Ardea
1697 2189 2058 2247 Rutulorum

270 2287 510 2363 quidam
563 2286 833 2362 generis3
889 2293 1151 2346 ceterum
1193 2287 1259 2344 in
1304 2292 1504 2343 tantas
1546 2285 1715 2343 brevi
1755 2292 2058 2343 creverant
2083 2307 2107 2344 ³

269 2403 407 2461 opes
435 2402 539 2440 seu
564 2382 880 2441 maritimis
912 2402 1018 2441 seu
1054 2383 1431 2441 terrestribus
1463 2381 1756 2439 fructibus
1782 2400 1885 2438 seu
1912 2381 2059 2439 mul·

268 2479 548 2538 titudinis
607 2479 968 2538 incremento
1020 2498 1125 2538 seu
1178 2479 1502 2556 disciplinae
1556 2479 1885 2550 sanctitate,
1943 2497 2060 2554 qua

268 2578 446 2634 fidem
489 2575 757 2634 socialem
799 2595 984 2653 usque
1030 2576 1109 2633 ad
1149 2575 1471 2653 perniciem
1518 2594 1687 2633 suam
1733 2575 2053 2634 coluerunt.

269 2674 579 2732 Hannibal
617 2673 836 2732 infesto
872 2673 1137 2731 exercitu
1174 2673 1472 2750 ingressus
1511 2673 1674 2745 fines,
1712 2672 2059 2750 pervastatis
2084 2692 2106 2728 4

268 2770 486 2849 passim
527 2770 699 2847 agris,
744 2771 951 2828 urbem
1001 2768 1300 2847 tripertito
1347 2770 1699 2846 aggreditur.
1781 2768 2059 2844 Aug-ulus
2085 2787 2108 2823 s

269 2857 427 2926 muri
464 2875 592 2926 erat
627 2869 693 2925 in
723 2868 1051 2945 planiorem
1089 2867 1612 2944 patentioremque,
1651 2886 1824 2942 quam
1867 2872 2059 2923 cetera

268 2966 434 3036 circa,
465 2966 681 3023 vallem
708 2983 993 3040 vergens3
1039 2965 1320 3022 adversus
1359 2983 1497 3021 eum
1522 2964 1723 3020 vineas
1763 2981 1933 3038 agere
1972 2962 2059 3018 in-

268 3063 483 3134 stituit,
509 3081 615 3139 per
641 3081 787 3138 quas
813 3061 964 3118 aries
999 3061 1289 3118 moenibus
1321 3059 1620 3117 admoveri
1647 3064 1856 3136 posset.
1944 3058 2059 3115 Sed
2083 3078 2109 3115 ο

269 3166 341 3217 ut
374 3159 537 3217 locus
576 3158 780 3236 procul
819 3176 988 3214 muro
1021 3157 1165 3215 satis
1202 3176 1403 3233 aequus
1429 3156 1669 3231 agendis
1697 3155 1886 3212 vineis
1921 3154 2053 3227 fuit,

268 3258 357 3314 ita
419 3256 876 3332 haudquaquam
939 3273 1232 3331 prospere,
1288 3258 1601 3329 postquam
1656 3251 1732 3307 ad
1789 3252 2056 3309 effectum

268 3354 461 3430 operis
499 3359 744 3411 ventum
785 3358 889 3426 est,
934 3351 1137 3427 coeptis
1181 3349 1538 3411 succedebat.
1625 3348 1706 3405 Et
1753 3348 1932 3406 turris
1974 3347 2058 3405 in-
2084 3376 2107 3415 7
