2375 3842
245 271 252 277 .
306 218 419 284 126
995 236 998 238 “
1036 229 1041 233 ’
1082 216 1317 276 LIVII

301 366 550 426 Poenum
604 366 915 441 habebant,
970 366 1112 425 bina
1173 372 1364 424 castra
1418 363 1838 437 communiunt,
1884 364 2085 424 eodem

299 490 472 542 wfflthe„
508 505 578 543 the
616 505 701 544 Ro-
740 464 920 521 ferme
939 462 1269 537 intervall0‚
1294 482 1409 541 quo
1435 463 1510 522 ad
1530 463 1902 535 Gereonium,
1933 461 2087 520 sicut

254 588 276 613 2
301 559 420 634 iffi?
433 550 704 637 {⁰¹¹„3fghffiffl1
741 565 896 633 ante,
927 560 1108 636 copiis
1136 560 1358 621 divisis.
1410 560 1669 620 Aufidus
1689 560 1896 633 amnis,
1913 560 2089 617 utris·

302 641 370 680 ’ω
436 643 636 683 ⁰⁰¹²¹²⁸⁶¹⁵
738 676 853 735 que
893 657 1098 715 castris
1139 658 1399 730 affluens,
1440 657 1669 715 aditum
1709 657 2088 735 aquatoribus

304 771 381 811 ex
426 771 534 810 sua
579 752 859 830 cuiusque
908 754 1345 830 opportunitate
1390 753 1552 812 haud
1597 754 1724 812 sine
1771 754 2088 812 certamine

253 881 276 918 3
303 849 516 925 dabat3
556 870 633 908 ex
671 850 996 909 minoribus
1034 857 1235 909 tamen
1274 850 1496 924 castris,
1526 870 1654 927 quae
1693 851 1885 927 posita
1922 857 2090 909 trans

302 948 591 1006 Aufidum
618 954 803 1023 erant,
833 948 1074 1006 liberius
1101 949 1472 1025 aquabantur
1497 947 1769 1020 Romani,
1793 946 1934 1023 quia
1959 948 2091 1024 ripa

254 1068 277 1104 4
302 1044 548 1102 ulterior
571 1045 803 1103 nullum
839 1045 1093 1103 habebat
1129 1045 1386 1103 hostium
1423 1045 1774 1121 praesidium.
1857 1044 2091 1102 Hanni·

301 1140 401 1199 bal
440 1161 604 1218 spem
640 1147 906 1214 nanctus,
948 1141 1092 1210 locis
1129 1141 1288 1199 natis
1326 1142 1402 1198 ad
1442 1146 1770 1217 equestrem
1810 1159 2087 1217 pugnam,

304 1256 422 1314 qua
459 1244 628 1315 parte
666 1237 886 1296 virium
924 1237 1183 1296 invictus
1223 1244 1364 1310 erat,
1399 1238 1653 1295 facturos
1689 1237 1915 1313 copiam
1950 1256 2090 1313 pug-

303 1333 488 1391 nandi
522 1335 803 1408 consuleS,
842 1335 1047 1411 dirigit
1085 1336 1271 1393 aciem
1308 1336 1653 1412 lacessitque
1693 1335 2090 1393 Numidarum

256 1455 280 1493 5
304 1431 738 1507 procursatione
764 1432 972 1492 hostes·
1059 1431 1212 1490 Inde
1238 1451 1441 1491 rursus
1466 1430 1771 1489 sollicitari
1806 1416 2092 1489 seditione

176 1565 187 1574 «
304 1527 551 1585 militari
589 1548 656 1586 ac
697 1528 983 1587 discordia
1023 1529 1326 1590 consulum
1370 1529 1637 1588 Romana
1671 1535 1878 1600 castra,
1909 1546 2091 1604 quum

261 1689 264 1693 Δ
306 1623 528 1682 Paulus
572 1624 1014 1702 Semproniique
1050 1630 1111 1683 et
1146 1625 1426 1683 Flaminii
1457 1625 1853 1684 temeritatem
1876 1624 2095 1682 Varro-

306 1723 390 1796 ni,
411 1723 607 1781 Varro
632 1723 826 1780 Paulo
854 1723 1175 1799 speciosum
1202 1723 1428 1781 timidis
1454 1743 1522 1782 ac
1548 1723 1823 1799 segnibus
1848 1721 2093 1779 ducibus

259 1830 284 1869 6
308 1820 642 1896 exemplum
668 1819 919 1876 Fabium
952 1819 1243 1893 obiiceret,
1273 1825 1704 1895 testareturque
1741 1818 1876 1876 deos
1910 1817 2096 1874 homi-

306 1936 525 1993 nesque
549 1916 660 1989 hic,
691 1916 916 1973 nullam
942 1935 1120 1992 penes
1146 1935 1207 1974 se
1233 1915 1464 1991 culpam
1502 1935 1642 1989 esse,
1671 1914 1827 1991 quod
1860 1913 2095 1971 Hanni-

307 2013 406 2072 bal
448 2013 568 2071 iam
603 2013 766 2070 velut
800 2032 914 2070 usu
949 2014 1194 2089 cepisset
1234 2013 1472 2070 Italiam
1484 2032 1504 2084 ;
1546 2031 1608 2070 se
1644 2011 2022 2069 constrictum
2060 2032 2096 2069 a

310 2110 528 2187 collega
571 2111 761 2168 teneri
771 2131 792 2185 3
813 2114 826 2126 ‘
844 2109 1064 2168 ferrum
1103 2116 1281 2186 atque
1321 2129 1484 2167 arma
1522 2108 1690 2169 iratis
1728 2114 1790 2166 et
1835 2127 2096 2185 pugnare

263 2228 286 2268 7
312 2207 683 2285 cupientibus
721 2207 903 2268 adimi
940 2206 1231 2266 militibus
1239 2227 1259 2279 ς
1298 2199 1415 2279 ille,
1447 2206 1499 2263 si
1534 2205 1677 2282 quid
1716 2205 1990 2282 proiectis
2028 2223 2098 2262 ao

310 2304 558 2381 proditis
605 2305 680 2362 ad
727 2304 1119 2364 inconsultam
1169 2310 1350 2380 atque
1402 2301 1791 2379 improvidam
1837 2320 2097 2379 pugnam

311 2400 636 2477 legionibus
670 2400 971 2472 accideret,
1011 2418 1074 2457 se
1114 2399 1305 2457 omnis
1346 2400 1529 2475 culpae
1569 2404 1877 2474 exsortem,
1906 2398 2099 2456 omnis

312 2504 557 2557 eventus
600 2496 944 2573 participem
990 2496 1115 2554 fore
1162 2496 1420 2569 diceret3
1471 2495 1713 2567 videret,
1752 2500 1841 2568 ut,
1883 2494 2100 2572 quibus

310 2594 515 2671 lingua
567 2602 688 2651 tam
739 2599 1011 2669 prompta
1062 2611 1131 2650 ac
1182 2591 1508 2665 temeraria,
1564 2611 1728 2668 aeque
1778 2591 1847 2649 in
1897 2611 2099 2669 pugna

311 2690 583 2767 vigerent
621 2708 845 2747 manus.
1787 2708 1793 2713 ·

207 2792 286 2853 45
432 2786 597 2844 Dum
627 2785 1102 2844 altercationibus
1135 2785 1321 2861 magis
1357 2804 1534 2861 quam
1573 2785 1830 2843 consiliis
1868 2789 2101 2861 tempus

314 2892 716 2980 &nemag
752 2883 983 2955 teritur,
1012 2881 1322 2940 Hannibal
1348 2902 1425 2942 ex
1459 2882 1600 2954 acie,
1631 2901 1808 2958 quam
1842 2882 1920 2939 ad
1952 2882 2103 2940 mul-

315 2986 517 3038 Romana,
753 2985 887 3037 tum
926 2978 1045 3037 diei
1080 2984 1355 3037 tenuerat
1394 2978 1762 3051 instructam‚'
1805 2998 1988 3056 quum
2035 2979 2105 3037 in

267 3108 293 3135 ο
317 3081 508 3133 castra
533 3079 753 3135 ceteras
777 3075 1059 3153 reciperet
1085 3075 1295 3152 copias,
1321 3075 1614 3134 Numidas
1640 3075 1715 3135 ad
1741 3075 2105 3134 invadendos

318 3193 393 3231 ex
419 3174 744 3233 minoribus
770 3174 978 3233 castris
1011 3173 1416 3231 Romanorum
1450 3178 1758 3250 aquatores
1793 3179 1961 3232 trans
1995 3172 2105 3232 flu-

267 3296 293 3336 3
318 3287 454 3326 men
492 3268 698 3327 mittit.
784 3268 975 3339 Quam
1002 3267 1364 3326 inconditam
1388 3269 1624 3328 turbam
1645 3289 1830 3346 quum
1855 3269 2107 3327 vixdum

318 3364 385 3424 in
431 3362 621 3442 ripam
675 3364 888 3443 egressi
935 3364 1183 3423 clamore
1235 3381 1304 3426 ac
1355 3364 1621 3426 tumultu
1674 3365 1989 3442 fugassent,
2038 3364 2107 3428 ὒη
