2375 3842
313 223 387 281 3’2
973 278 981 287 .
1090 222 1336 285 LIVII·
1375 235 1394 279 1

311 368 606 429 Hiberum
645 368 938 429 traiecisse
977 369 1054 431 ad
1094 368 1407 429 delendum
1442 386 1658 429 nomen
1698 368 2097 437 Romanorum

263 481 288 515 ⁴
313 465 794 540 liberandumque
820 465 1021 523 orbem
1060 469 1366 525 terrarum.
1451 464 1604 523 Tum
1642 466 1873 539 nemini,
1905 467 2101 529 visum

310 561 373 617 id
398 559 656 634 longum,
684 560 869 635 quum
906 560 982 617 ab
1021 578 1229 618 occasu
1267 559 1406 618 solis
1445 561 1519 617 ad
1558 567 1798 618 exortus
1835 562 2100 625 intende-

264 676 286 713 s
312 663 445 713 rent
471 657 588 714 iter
598 676 617 729 3
658 676 832 730 nunc,
863 662 1172 732 postquam
1199 657 1388 717 multo
1421 656 1701 717 maiorem
1735 663 1963 733 partem
1998 659 2100 717 iti-

312 753 469 810 neris
506 772 801 810 emensam
837 759 1098 824 cernant,
1137 753 1485 829 Pyrenaeum
1519 753 1735 819 saltum
1765 753 1925 813 inter
1953 756 2102 815 fero-¹

316 848 572 907 cissimas
598 855 802 924 gentes
826 856 1180 925 superatum,
1200 849 1572 922 Rhodanum,
1593 856 1826 908 tantum
1841 870 2100 924 amnem,

316 952 410 1003 tot
460 946 723 1004 millibus
777 946 1083 1004 Gallorum
1135 946 1596 1023 prohibentibus,
1651 946 1873 1004 domita
1915 948 2104 1007 etima

311 1042 495 1119 ipsius
528 1043 793 1102 fluminis
821 1045 901 1117 vi,
943 1045 1271 1116 tmieetum,
1309 1044 1402 1103 in„
1419 1053 1732 1120 conspectu
1773 1046 1961 1122 Alpes
1999 1046 2100 1103 ha,-

262 1160 288 1198 6
312 1142 504 1214 beant,
536 1161 785 1218 quarum
822 1143 1074 1201 alterum
1109 1145 1267 1202 latus
1302 1144 1493 1200 ltaliae
1528 1144 1624 1215 sit,
1654 1143 1720 1199 in
1747 1143 1887 1219 ipsis
1913 1144 2102 1219 portis

280 1241 568 1299 bostium
619 1240 895 1317 fatigatos
946 1241 1275 1314 subsistere,
1333 1241 1477 1317 quid
1528 1240 1717 1316 Alpes
1767 1240 1931 1297 aliud
1977 1260 2099 1298 esse

264 1358 286 1394 ⁷
312 1338 608 1396 credentes
673 1356 850 1413 quam
916 1338 1208 1394 montium
1275 1337 1620 1394 altitudines
1639 1337 1668 1394 Ἰ
1775 1336 2098 1412 Fingerent

309 1431 545 1489 altiores
593 1431 862 1507 Pyrenaei
904 1431 1059 1508 iugis
1069 1453 1087 1506 ς
1127 1432 1323 1490 nullas
1365 1434 1621 1508 profecto
1668 1439 1854 1488 terras
1890 1428 2096 1489 eaelum

310 1526 645 1605 contingere
695 1545 803 1585 neo
854 1526 1350 1602 inexsuperabiles
1402 1526 1658 1584 humano
1704 1527 1903 1601 generi
1949 1546 2086 1584 esse.

310 1623 496 1700 Alpes
532 1624 770 1701 quidem
807 1623 1076 1695 habitari,
1122 1623 1252 1695 ooli,
1293 1622 1529 1698 gignere
1565 1630 1745 1699 atque
1783 1623 1940 1680 alere
1978 1623 2098 1679 ani-

264 1734 286 1772 8
311 1725 571 1792 mantes3
625 1720 856 1795 pervias
903 1719 1098 1777 fauces
1145 1738 1269 1777 esse
1316 1719 1682 1777 exercitibus.
1767 1719 1884 1776 Eos
1921 1719 2097 1794 ipsos,

311 1833 456 1892 quos
481 1823 738 1888 eernant,
770 1816 988 1891 legatos
1017 1835 1138 1874 non
1168 1816 1369 1892 pinnis
1400 1815 1646 1877 sublime
1689 1816 1870 1874 elatos
1910 1816 2097 1891 Alpes

313 1924 710 1989 transgressos.
796 1913 895 1971 Ne
945 1913 1190 1970 maiores
1244 1913 1480 1989 quidem
1529 1933 1727 1970 eorum
1774 1912 2094 1988 indigenas,

311 2011 413 2067 sed
439 2010 692 2067 advenas
718 2009 910 2066 Itafiae
937 2010 1188 2067 cultores
1218 2009 1323 2067 has
1358 2010 1515 2086 ipsas
1540 2010 1727 2086 Alpes
1762 2009 2097 2085 ingentibus

313 2125 472 2181 saepe
489 2104 822 2182 agminibus
846 2124 982 2162 cum
1010 2104 1209 2162 liberis
1234 2124 1304 2162 ae
1329 2104 1686 2180 eoniugibuS,
1716 2103 2096 2179 migrantium

263 2233 287 2271 9
313 2203 499 2275 modo,
531 2208 665 2261 tuto
690 2202 1098 2262 transmisisse.
1181 2202 1373 2260 Militi
1404 2201 1637 2279 quidem
1672 2208 1915 2273 armate,
1945 2201 2096 2258 nihil

312 2320 504 2359 secum
532 2305 743 2377 praeter
773 2301 1168 2359 instrumenta
1203 2296 1345 2357 belli
1374 2300 1652 2376 portanti,
1691 2299 1833 2374 quid
1868 2297 2097 2357 invium

312 2405 416 2457 aut
441 2397 910 2477 inexsuperabile
937 2398 1090 2455 esse‘l
1151 2396 1483 2471 Saguntum
1511 2403 1579 2453 ut
1604 2402 1925 2471 caperetur,
1952 2395 2095 2471 quid

313 2516 416 2572 per
445 2501 577 2553 octo
603 2514 828 2553 menses
854 2493 1115 2570 periculi,
1144 2494 1291 2570 quid
1314 2493 1528 2550 laboris
1561 2493 1914 2550 exhaustum
1945 2493 2098 2549 esse?

244 2633 290 2658 ,ο
317 2593 582 2663 Romam,
624 2596 804 2666 eaput
841 2591 999 2647 orbis
1046 2596 1350 2661 terrarum,
1393 2590 1729 2666 petentibus
1780 2589 2090 2665 quiequam

313 2689 455 2745 adeo
492 2707 764 2763 asperum
811 2692 987 2762 atque
1030 2686 1281 2744 arduum
1327 2687 1532 2759 videri,
1588 2686 1744 2763 quod
1796 2687 2094 2761 ineeptum

244 2819 288 2845 η
316 2784 613 2842 moretur?
697 2783 929 2859 Gepisse
956 2783 1248 2860 quondam
1278 2783 1476 2841 Gallos
1502 2804 1587 2856 ea,
1610 2802 1737 2859 quae
1758 2781 1908 2839 adiri
1927 2800 2093 2857 posse

313 2882 532 2939 Poenus
577 2880 873 2956 desperet,
859 2900 872 2914 ·
926 2880 1171 2956 proinde
1212 2886 1319 2938 aut
1367 2881 1636 2938 oederent
1681 2879 1876 2936 animo
1915 2884 2093 2954 atque

312 2979 534 3036 virtute
560 2979 726 3054 genti
751 2996 858 3054 per
883 2996 980 3035 eos
1008 2977 1131 3035 dies
1157 2977 1334 3036 toties
1359 2978 1435 3034 ab
1455 2997 1517 3034 se
1533 2977 1717 3047 vietae,
1737 2982 1843 3032 aut
1862 2974 2095 3032 itineris

200 3074 235 3089 ‘¹
278 3077 491 3137 finem
530 3081 766 3151 sperent
803 3093 1075 3151 eampum
1107 3074 1549 3132 interiacentem
1577 3072 1776 3133 Tiberi
1801 3091 1870 3129 ae
1895 3071 2095 3129 moeni-

180 3164 422 3245 Qus
448 3172 745 3229 Romanis.

213 3266 287 3328 31
432 3267 550 3326 His
576 3268 1080 3326 adhortationibus
1105 3267 1379 3325 incitatos
1405 3285 1646 3343 corpora
1677 3285 1879 3324 cume
1914 3270 2092 3342 atque

264 3402 289 3429 2
311 3366 383 3423 ad
412 3365 526 3423 iter
551 3386 612 3424 se
637 3385 843 3443 parare
869 3366 1051 3425 iubet.
1136 3365 1383 3425 Postero
1407 3363 1503 3421 die
1529 3364 1821 3440 profectus
1847 3363 2089 3421 adversa
