2375 3842
78 1112 83 1189 ,
809 1085 1140 1160 LIBER
1206 1087 1420 1162 xxl.

74 1384 79 1475 l
345 1423 422 1481 In
460 1429 628 1499 parte
680 1424 871 1499 operis
925 1425 1041 1480 mei
1084 1423 1223 1480 licet
1265 1422 1412 1480 mihi
1454 1421 1701 1499 praefari,
1743 1421 1901 1499 quod
1942 1422 2005 1478 in

73 1498 77 1521 ⁸
221 1519 510 1597 principio
535 1539 776 1578 summae
807 1522 992 1578 totius
1026 1519 1274 1596 professi
1308 1519 1570 1597 plerique
1609 1541 1696 1582 'rho
1759 1553 1893 1582 mmo
1867 1543 2007 1581 oram

219 1621 397 1674 sunt·
408 1636 604 1674 rerum
655 1617 979 1694 scriptoreS,
1040 1617 1263 1676 bellum
1315 1619 1569 1677 maxime
1607 1588 2009 1675 &affundent

221 1713 487 1770 omnium
543 1715 934 1785 memorabile,
994 1733 1124 1791 quae
1183 1734 1446 1792 unquam
1500 1723 1663 1793 gesta
1716 1719 1855 1790 sint,
1911 1737 2006 1776 me

222 1808 594 1892 scripturum,
654 1811 810 1886 quod
877 1811 1218 1870 Hannibale
1286 1814 1433 1872 duee
1501 1813 2007 1890 Carthaginienses

222 1927 357 1966 cum
387 1910 602 1985 populo
640 1911 906 1968 Romano
943 1929 1181 1985 gessere.
1267 1910 1330 1969 N
1332 1930 1429 1968 am
1466 1930 1657 1988 neque
1695 1911 2005 1971 validiores
2030 1934 2052 1961 2

64 2020 99 2079 .'
221 2004 432 2080 opibus
469 2006 605 2062 ullae
645 2006 805 2064 inter
845 2025 908 2064 se
949 2005 1218 2064 civitates
1265 2013 1580 2083 gentesque
1627 2007 2006 2065 contulerunt

62 2094 69 2157 Ι
221 2119 403 2173 arma,
449 2120 638 2178 neque
690 2100 786 2159 his
833 2101 977 2177 ipsis
1021 2108 1261 2159 tantum
1315 2121 1578 2178 unquam
1629 2102 1848 2160 virium
1899 2111 2006 2161 aut

59 2194 65 2343 '
199 2197 445 2265 ,roboris
470 2197 604 2268 fuit,
637 2204 697 2255 et
722 2198 878 2255 haud
906 2199 1136 2274 ignotas
1173 2198 1313 2255 belli
1345 2206 1501 2255 artes
1541 2199 1699 2256 inter
1735 2218 1873 2272 sese,
1901 2201 2001 2258 sed

222 2297 493 2368 expertas
519 2293 706 2368 primo
732 2292 962 2352 Punico
987 2293 1367 2351 conserebant
1392 2292 1561 2365 bello,
1584 2299 1646 2350 et
1671 2294 1814 2351 adeo
1840 2295 2003 2351 varia

220 2383 463 2445 fortuna
496 2387 637 2444 belli
670 2407 993 2465 ancepsque
1030 2388 1197 2446 Mars
1234 2388 1365 2460 fuit,
1403 2393 1475 2445 ut
1505 2389 1745 2465 propius
1783 2391 2003 2465 pericu-

219 2486 346 2543 lum
372 2486 612 2558 fuerint,
640 2488 746 2565 qui
773 2488 1055 2546 vicerunt.
1144 2488 1313 2548 Odiis
1349 2489 1529 2546 etiam
1559 2507 1737 2566 prope
1775 2489 2001 2547 maiori-
2025 2511 2049 2546 3

219 2585 330 2643 bus
369 2592 668 2644 certarunt
706 2606 883 2664 quam
922 2586 1163 2658 viribus,
1210 2585 1493 2644 Romanis
1537 2585 1996 2662 indignantibus,
2098 2653 2104 2658 ,

219 2682 377 2758 quod
429 2683 751 2740 victoribus
802 2682 949 2740 victi
994 2683 1153 2740 ultro
1207 2682 1492 2741 inferrent
1544 2702 1725 2754 arma,
1782 2682 1997 2755 Poenis,

50 2712 57 2857 l
219 2779 376 2855 quod
415 2779 659 2855 superbe
699 2798 986 2856 avareque
1030 2779 1332 2838 crederent
1384 2780 1788 2857 imperitatum
1825 2780 2000 2839 victis

219 2893 359 2932 esse.
442 2874 624 2933 Fama
670 2883 759 2934 est
801 2877 997 2949 etiam,
1042 2876 1443 2934 Hannibalem
1488 2896 1777 2934 annorum
1819 2878 1997 2935 ferme
2022 2895 2044 2930 4

216 2988 444 3039 novem,
497 2973 803 3048 pueriliter
854 2973 1249 3030 blandientem
1318 2972 1476 3049 patri
1529 2973 1892 3057 Hamilcari,-
1927 2981 1999 3030 ut

217 3067 525 3127 duceretur
558 3069 625 3126 in
661 3069 1032 3146 Hispaniam,
1063 3089 1264 3146 quum,
1298 3071 1553 3146 perfeeto
1577 3069 1788 3128 Africo
1822 3071 1992 3144 bello,

218 3164 539 3222 exercitum
578 3182 647 3222 eo
686 3164 1039 3223 traiecturus
1077 3164 1440 3236 sacrificaret,
1478 3163 1762 3222 altaribus
1800 3164 1995 3224 admo-

217 3263 360 3329 tum,
407 3260 580 3318 tactis
626 3260 821 3333 sacris,
868 3259 998 3319 iure
1044 3259 1293 3317 iurando
1339 3258 1629 3330 adactum,
1676 3279 1753 3332 se,
1810 3279 1992 3336 quum

213 3356 470 3432 primum
508 3361 716 3433 posset,
745 3356 974 3415 hostem
1011 3357 1135 3414 fore
1172 3354 1389 3433 populo
1430 3355 1712 3413 Romano,
1795 3355 1992 3433 Ange·
2014 3370 2039 3411 s

318 3476 530 3537 -c.1..
1782 3473 1819 3534 1

46 3272 51 3359 Ι

45 3422 51 3589 i

45 3626 419 3802 lm&
