2375 3842
313 229 389 288 10
1092 231 1194 290 LI
1201 232 1328 291 VII

113 345 193 435 s)
307 377 599 455 principes
633 376 905 436 factionis
944 377 1213 435 Barcinae
1251 375 1578 453 praemittit,
1607 382 1678 434 ut
1703 383 2099 454 praepararent

108 472 157 505 Ὗ
307 493 548 533 suorum
582 473 823 547 animos,
862 493 940 532 ne
975 474 1121 551 quid
1155 492 1293 550 pars
1329 474 1515 543 altera
1537 474 1856 549 gratificari
1879 475 2096 552 populo

100 544 155 623 ἴ
209 578 284 636 10
309 570 577 629 Romano
629 576 837 648 posset.
923 570 1153 647 Itaque,
1200 548 1593 646 praeterquam
1646 571 1804 646 quod
1857 572 2096 630 admissi

53 624 135 677 Ὢ
306 713 413 751 m
443 722 498 750 on
532 713 578 751 ω
609 712 707 751 ω·
744 667 1050 743 auditique
1074 671 1232 737 sunt,
1263 686 1334 724 ea
1358 684 1589 743 quoque
1622 685 1777 724 vana
1811 673 1987 745 atque
2017 669 2097 725 ir-

42 746 132 810 s&
261 792 286 818 2
306 758 705 852 ffiffffiffi
743 763 863 821 rita
899 763 1115 840 legatio
1150 763 1285 821 fuit,
1365 763 1587 821 Hanno
1626 782 1783 821 unus
1816 764 2097 824 adversus

51 825 98 861 x
307 851 389 890 *θ’*
402 850 626 897 ⁰¹³⁸¹²¹²⁰2
742 865 1013 918 senatum
1051 878 1285 918 causam
1324 860 1559 918 foederis
1604 879 1816 936 magno
1861 861 2095 920 silentio
2133 852 2146 859 ’

306 960 545 1031 propter
586 957 997 1014 auctoritatem
1038 975 1223 1028 suam,
1251 976 1373 1014 non
1408 976 1543 1014 cum
1578 975 1820 1014 assensu
1856 958 2096 1015 audien-

261 1088 286 1125 3
307 1053 462 1110 tium
505 1054 642 1129 egit,
685 1072 790 1131 per
828 1054 966 1111 deos
1006 1053 1291 1112 foederum
1330 1053 1582 1111 arbitros
1621 1072 1688 1110 ac
1724 1059 1903 1111 testes
1934 1036 2110 1123 sena-‘a

305 1156 439 1207 tum
484 1151 799 1222 obtestans,
845 1169 922 1207 ne
978 1149 1315 1208 Romanum
1370 1168 1505 1207 cum
1548 1149 1873 1225 Saguntino
1918 1150 2100 1209 susci-
2119 1136 2136 1143 „

294 1229 506 1304 'tarent
531 1247 752 1305 bellum
770 1269 789 1321 ;
825 1246 1137 1318 monuisse,
1168 1246 1508 1323 praedixisse
1533 1264 1710 1333 ⁸9³2?
1738 1245 2096 1309 Hamilcaris

305 1343 643 1420 progeniem
681 1343 758 1402 ad
797 1344 1124 1402 exercitum
1160 1332 1508 1415 mitterent}
1541 1326 1673 1400 'non
1715 1361 1932 1416 manes,
1974 1363 2098 1402 non

308 1439 550 1517 stirpem
602 1440 729 1499 eius
781 1440 1188 1518 conquiescere
1234 1439 1370 1510 viri,
1424 1458 1534 1497 nec
1586 1458 1868 1516 unquam,
1914 1440 2097 1500 donec

307 1537 609 1620 sanguinis
636 1537 1006 1613 nominisque
1033 1535 1274 1594 Barcini
1300 1535 1618 1612 quisquam,
1639 1537 1906 1635 supersit,
1937 1538 2097 1614 quie-

261 1668 286 1704 4
307 1638 445 1691 tura
470 1633 741 1691 Romana
765 1627 1122 1698 foedera.ss“
1139 1632 1425 1690 Iuvenem
1446 1621 1786 1708 flagrantem
1817 1634 2092 1709 cupidine

306 1729 476 1805 regni
515 1729 793 1806 viamque
836 1748 1020 1785 unam
1066 1728 1143 1785 ad
1187 1728 1252 1784 id
1299 1735 1651 1801 cernentem,
1707 1729 1759 1786 si
1805 1714 1890 1786 ex'
1925 1730 2096 1788 bellis

306 1825 463 1884 bella
480 1820 724 1883 serendo
740 1825 1067 1883 succinctus
1087 1825 1267 1883 armis
1283 1824 1720 1901 legionibusque
1736 1824 1918 1897 vivat,
1932 1826 2096 1885 velut

308 1921 615 1979 materiam
639 1921 766 1998 igni
791 1922 1132 1998 praebenteS,
1161 1921 1238 1978 ad
1275 1921 1567 1979 exercitus
1601 1921 1863 1980 misistis.
1949 1922 2096 1980 Alu-

260 2050 284 2088 5
309 2018 443 2077 istis
469 2036 605 2093 ergo
632 2017 742 2075 hoc
767 2018 1122 2090 incendium,
1145 2036 1263 2094 quo
1282 2036 1441 2075 nunc
1466 2017 1698 2076 ardetis.
1764 2017 2093 2093 Saguntum

306 2114 491 2173 vestri
517 2115 939 2172 circumsedent
979 2115 1289 2187 exercitus,
1327 2115 1485 2172 unde
1522 2101 1796 2173 arcentur
1842 2115 2057 2174 foedere
2071 2138 2097 2190 .;

306 2230 450 2269 mox
489 2211 900 2288 Carthaginem
942 2211 1447 2269 circumsedebunt
1488 2211 1769 2268 Romanoe
1818 2211 2094 2287 legiones,

309 2307 553 2366 ducibus
581 2308 789 2365 iisdem
816 2308 945 2380 diis,
969 2327 1076 2384 per
1102 2326 1250 2384 quos
1275 2308 1469 2385 priore
1493 2307 1648 2364 bello
1674 2314 1852 2384 rupta
1878 2309 2094 2368 foedera

261 2422 286 2461 6
309 2410 451 2462 sunt
483 2404 613 2464 ulti.
699 2404 929 2463 Utrum
955 2405 1187 2463 hostem
1213 2424 1292 2463 an
1317 2423 1422 2461 vos
1449 2423 1528 2461 an
1553 2404 1852 2462 fortunam
1878 2409 2094 2465 utrius-

309 2519 423 2577 que
457 2501 661 2579 populi
691 2502 1013 2578 ignoratis?
1095 2500 1350 2577 Legatos
1381 2500 1457 2558 ab
1495 2500 1665 2558 sociis
1700 2507 1761 2559 et
1785 2521 1892 2578 pro
1923 2504 2094 2561 sociis

308 2597 612 2655 venientes
652 2598 840 2655 bonus
885 2599 1205 2674 imperator
1251 2603 1448 2655 vester
1492 2596 1558 2653 in
1604 2604 1795 2655 castra
1839 2617 1961 2656 non
1996 2600 2092 2657 ad·
2163 2608 2166 2611 ’

309 2693 512 2767 misit;
548 2693 643 2751 ius
681 2693 947 2770 gentium
986 2695 1263 2768 sustulit3
1303 2694 1368 2752 hi
1405 2700 1621 2766 tamen,
1665 2695 1820 2753 unde
1852 2713 1926 2753 ne
1963 2696 2092 2754 hos-

308 2789 464 2847 tium
502 2790 739 2866 quidem
774 2789 957 2866 legati
990 2796 1283 2864 arcentur,
1314 2789 1485 2868 pulsi,
1516 2790 1591 2847 ad
1625 2809 1733 2847 nos
1768 2798 2056 2850 venerunt
2073 2805 2110 2866 5·

308 2904 402 2944 res
441 2905 518 2943 ex
554 2885 770 2945 foedere
808 2892 1123 2963 repetunt3
1164 2894 1238 2945 ut
1276 2887 1513 2964 publica
1549 2887 1710 2943 fraus
1746 2849 1919 2960 absit,
1959 2907 2089 2946 auc-

260 3008 285 3047 ⁷
309 2990 495 3041 torem
522 2983 705 3060 culpae
741 2988 804 3042 et
828 3002 995 3041 reum
1022 2984 1285 3042 criminis
1312 2984 1646 3059 deposcunt.
1734 2982 1865 3052 Quo
1891 2982 2086 3043 lenius

307 3085 507 3156 agunt,
551 3079 785 3157 segnius
825 3080 1137 3157 incipiunt,
1181 3100 1270 3154 eo,
1311 3098 1496 3157 quum
1531 3077 1831 3154 coeperint‚
1867 3099 2089 3154 vereor,

307 3195 383 3233 ne
421 3178 887 3252 perseverantius
926 3178 1190 3239 saeviant.
1275 3176 1524 3252 AEgates
1557 3172 1783 3233 insulas
1820 3175 2093 3253 Erycem-

308 3290 424 3349 que
474 3279 613 3331 anto
664 3273 860 3332 oculos
911 3274 1239 3353 proponite,
1292 3292 1425 3350 quae
1477 3277 1637 3327 terra
1682 3272 1947 3350 marique
1988 3293 2096 3352 per

262 3385 287 3426 8
308 3375 587 3446 quattuor
627 3377 689 3430 et
728 3371 945 3450 viginti
983 3391 1168 3433 annos
1208 3369 1370 3447 passi
1407 3367 1552 3429 sitis.
1639 3367 1769 3427 Nec
1807 3389 1957 3447 puer
1995 3373 2092 3430 hic
