2375 3842
513 62 685 215 ffl-
926 196 1188 273 LIBER
1238 211 1458 274 XXII.
1537 11 1751 164 m
1969 211 2084 273 109

249 413 258 423 .
303 362 498 441 plures
536 360 712 420 simul
751 365 914 438 terga
952 360 1253 433 dederant,
1292 358 1558 419 conversi
1595 360 1662 419 in
1699 357 1927 421 hostem
1965 364 2087 422 vol-

303 464 621 535 ventesque
665 457 864 515 orbem
904 476 1063 517 nuno
1115 456 1330 516 sensim
1381 456 1597 517 referre
1648 458 1871 535 pedem,
1926 478 2086 519 nunc

300 552 632 631 conglobati
656 559 889 612 restare.
975 553 1073 611 Ac
1098 552 1218 612 iam
1253 571 1433 630 prope
1457 571 1579 611 una
1602 552 1753 612 acies
1777 554 1934 613 facta
1958 562 2085 614 erat
2110 571 2137 612 6

299 650 447 708 victi
480 655 662 728 atque
705 649 922 725 integri
966 648 1278 721 exercitus,
1317 648 1758 727 inferebantque
1809 650 1977 727 aigna
2003 651 2085 710 in

298 745 540 817 hostem,
583 764 767 823 quum
806 745 1024 803 Poenus
1060 745 1323 822 receptui
1360 745 1588 818 oecinit,
1629 745 1825 823 palam
1861 747 2086 806 ferente

299 843 656 918 Hannibale,
684 842 760 902 ab
784 861 846 901 se
874 842 1226 915 Minucium,
1257 861 1320 901 ae
1345 843 1420 901 ab
1445 842 1630 901 Fabio
1659 841 1899 906 victum.

417 938 518 996 Ita
551 957 658 1016 per
691 937 915 996 variam
951 939 1251 997 fortunam
1283 938 1402 997 diei
1426 938 1644 997 maiore
1668 945 1835 1016 parte
1860 947 2081 1014 exacta,
2109 970 2136 1009 ⁷

296 1054 481 1113 quum
511 1035 578 1092 in
617 1040 806 1094 castra
841 1036 1097 1094 reditum
1129 1040 1295 1109 esset,
1324 1034 1640 1107 Minucius,
1679 1059 1781 1099 ‘rhu
1801 1059 1991 1100 nummu
2011 1060 2082 1099 um

298 1132 631 1191 convocatis
664 1131 971 1205 militibus,
1013 1136 1049 1167 “
1066 1132 1233 1209 Saepe
1258 1150 1364 1208 ego
1380 1131 1411 1162 ’'
1446 1131 1644 1208 inquit
1682 1106 2083 1238 {gfffflffffi
2109 1158 2134 1197 ε

300 1232 339 1265 “
353 1229 572 1303 audivi,
593 1229 829 1300 militee,
850 1248 985 1288 eum
1009 1229 1267 1306 primum
1286 1247 1411 1287 esee
1428 1228 1642 1300 virum,
1683 1198 1978 1292 m

295 1326 403 1404 qui
436 1326 562 1403 ipse
597 1326 880 1398 consulat,
909 1325 1053 1402 quid
1083 1325 1150 1382 in
1175 1344 1301 1384 rem
1326 1324 1425 1396 sit,
1452 1324 1770 1383 secundum
1797 1342 1950 1399 eum,
1978 1324 2083 1401 qui

297 1423 446 1481 bene
498 1421 768 1481 monenti
815 1422 1088 1494 obediat3
1143 1422 1249 1498 qui
1295 1439 1403 1480 nec
1453 1420 1580 1498 ipae
1632 1419 1930 1478 consulere
1972 1439 2081 1478 nec

295 1519 469 1579 alteri
506 1539 709 1597 parere
748 1518 912 1593 sciat,
952 1537 1089 1576 eum
1127 1518 1382 1577 extremi
1412 1516 1633 1595 ingenii
1668 1536 1807 1578 esse.
1890 1516 2081 1575 Nobis
2107 1542 2133 1580 9

294 1616 574 1693 quoniam
612 1615 803 1695 prima
839 1615 1027 1674 animi
1064 1615 1404 1693 ingeniique
1442 1620 1655 1691 negata
1692 1634 1815 1673 sors
1854 1621 1960 1687 est,
1999 1633 2082 1672 ee-

295 1713 544 1771 cundam
582 1733 651 1772 ac
689 1714 942 1771 mediam
982 1722 1286 1771 teneamus
1335 1718 1413 1786 et,
1463 1713 1607 1771 dum
1645 1713 1932 1789 imperare
1970 1712 2083 1770 dis-

296 1810 498 1882 cimus,
525 1829 727 1887 parere
757 1809 1036 1888 prudenti
1059 1810 1125 1868 in
1151 1810 1412 1869 animum
1439 1810 1804 1869 inducamus.
1876 1809 2081 1870 Castra
2112 1835 2158 1863 10

294 1926 429 1965 cum
454 1907 639 1967 Fabio
664 1908 993 1985 iungamus,
1060 1907 1164 1965 Ad
1190 1908 1528 1985 praetorium
1554 1908 1681 1966 eius
1705 1907 1871 1985 signa
1894 1926 2081 1985 quum

294 2004 619 2074 tulerimu8‚
664 2006 772 2064 ubi
816 2025 922 2082 ego
965 2024 1102 2064 eum
1145 2012 1449 2081 parentem
1491 2005 1873 2083 appellavero,
1923 2005 2080 2082 quod

295 2101 572 2159 beneficio
612 2102 737 2159 eius
776 2086 912 2177 erga
951 2120 1060 2159 nos
1099 2120 1168 2159 ac
1206 2102 1510 2159 maiestate
1540 2101 1668 2159 eius
1697 2100 1943 2177 dignum
1968 2107 2075 2175 eet,
2139 2142 2144 2149 -

295 2216 416 2269 voe,
461 2198 695 2271 militae,
740 2217 856 2269 eoa,
899 2215 1148 2275 quorum
1187 2217 1293 2256 voe
1330 2197 1502 2255 modo
1533 2215 1697 2254 arma
1729 2217 1799 2255 ac
1824 2197 2077 2256 dexterae
2107 2222 2151 2250 n

293 2298 589 2366 texerunt,
630 2298 903 2371 patronos
943 2293 1294 2365 salutabitiS,
1337 2298 1415 2364 et,
1457 2291 1511 2349 si
1548 2291 1701 2349 nihil
1735 2292 1913 2364 aliud,
1950 2312 2078 2369 gra·

295 2396 492 2447 torum
518 2396 673 2448 certe
697 2391 865 2448 nobis
892 2390 1223 2448 animorum
1250 2388 1496 2466 gloriam
1526 2387 1651 2445 dies
1676 2388 1773 2447 hic
1800 2388 2075 2449 dederit.'’

296 2486 475 2564 Signo
501 2487 639 2544 dato
665 2487 1060 2546 conclamatur
1084 2486 1240 2558 inde,
1263 2491 1336 2544 ut
1357 2479 1707 2562 colligantur
1725 2504 1877 2546 vasa„
1936 2484 2078 2544 Pro-
2104 2482 2179 2541 30

293 2582 435 2642 fecti
469 2588 531 2641 et
565 2584 798 2660 agmine
829 2582 1164 2641 incedentes
1196 2582 1282 2641 ad
1317 2580 1619 2642 dictatoris
1649 2588 1840 2641 castra
1875 2582 1942 2640 in
1980 2584 2077 2641 ad-

293 2681 662 2738 mirationem
700 2685 764 2737 et
793 2679 987 2755 ipsum
1027 2679 1089 2737 et
1129 2697 1346 2754 omnes,
1387 2679 1493 2756 qui
1531 2678 1685 2738 circa
1721 2686 1906 2754 erant,
1944 2700 2075 2739 con-

292 2782 611 2835 verterunt.
705 2776 800 2835 Ut
845 2776 1166 2835 constituta
1211 2782 1353 2834 sunt
1404 2782 1544 2834 ante
1584 2777 1848 2835 tribunal
1890 2777 2072 2854 signa,
2101 2814 2123 2839 2

283 2877 624 2951 ‚progressus
660 2879 799 2932 ante
834 2872 978 2931 alios
1007 2873 1287 2949 magister
1311 2873 1595 2951 equitum,
1622 2893 1808 2951 quum
1847 2881 2073 2949 patrem

230 2989 235 2996 ·
293 2969 541 3029 Fabium
557 2972 916 3049 appellasset,
941 2972 1432 3048 circumfusosque
1456 2970 1718 3028 militum
1735 2970 1863 3028 eius
1879 2976 2074 3040 totum

290 3086 498 3144 agmen
538 3075 815 3145 patronos
868 3068 1301 3141 consalutasset,
1364 3061 1400 3092 “
1415 3066 1769 3125 Parentibus
1783 3065 1815 3095 ’'
1876 3065 2075 3143 inquit
2102 3091 2124 3127 3

295 3166 330 3196 “
347 3163 511 3237 meiS,
545 3165 808 3238 dictator,
848 3165 1062 3242 quibus
1099 3170 1161 3223 te
1201 3165 1375 3222 modo
1414 3163 1667 3238 nomine,
1712 3163 1868 3239 quod
1896 3164 2074 3222 fando

289 3278 540 3335 possum,
567 3262 811 3339 aequavi,
833 3265 1021 3321 vitam
1045 3268 1281 3320 tantum
1308 3261 1506 3335 debeo,
1534 3259 1651 3318 tibi
1674 3279 1858 3337 quum
1881 3280 2075 3319 meam

289 3355 555 3429 salutem,
596 3368 728 3416 tum
774 3359 1036 3417 omnium
1088 3359 1315 3420 horum.
1402 3358 1614 3437 Itaque
1651 3357 2067 3435 plebeiscitum,
2097 3384 2123 3423 ⁴
