2375 3842
932 239 1191 302 LIBER
1243 241 1465 305 XXII.
1977 245 2086 305 101

299 393 365 450 r'e
400 389 676 451 clementi
709 389 1053 467 liberalique
1083 389 1325 449 initium
1364 392 1596 468 fecerat,
1625 399 1689 453 et
1713 393 1971 467 Abelux,
1997 395 2092 452 vir

299 486 574 562 prudens,
612 485 771 544 haud
802 485 1024 544 frusta-a
1054 485 1371 545 videbatur
1394 487 1577 547 socios
1617 495 1889 550 mutasse.
1971 489 2090 548 Ita-
2112 513 2161 542 ιι

298 601 416 659 que
465 582 697 659 ingenti
748 602 1032 641 consensu
1086 582 1477 642 defectionem
1525 603 1733 644 omnes
1784 592 2085 663 spectare3

296 697 575 756 armaque
619 679 914 755 extemplo
959 684 1121 736 mota
1170 679 1384 752 forent,
1433 679 1499 738 ni
1544 680 1749 754 hiems,
1799 700 1930 758 quae
1973 682 2089 742 Ro-

297 795 500 835 manos
545 795 777 853 quoque
817 784 879 835 et
917 775 1430 854 Carthaginienses
1474 779 1784 837 concedere
1825 779 1891 837 in
1932 785 2090 838 tecta

298 872 489 949 coegit
515 872 944 931 intervenisset.

207 995 303 1052 s
415 969 565 1027 Haeo
594 970 661 1027 in
695 969 990 1047 Hispania
1026 967 1303 1053 [quoque]
1345 972 1597 1032 secunda
1631 979 1835 1031 aestate
1874 973 2085 1033 Punici
2108 977 2184 1035 23

296 1064 437 1123 belli
464 1070 645 1141 gesta,
676 1083 860 1142 quum
897 1065 964 1123 in
995 1065 1176 1124 Italia
1207 1067 1449 1143 paulum
1474 1067 1651 1125 inter-
1687 1108 1844 1149 Funu-
1886 1109 1983 1149 ,ω
2020 1110 2085 1149 Μ,

296 1159 441 1217 valli
483 1159 745 1220 cladibus
784 1159 1070 1219 Romanis
1108 1161 1312 1220 sollers
1350 1163 1647 1220 cunctatio
1684 1154 1787 1239 ,Ἐξ
1828 1155 1981 1248 Q
2001 1155 2086 1249 ¹²3ss

294 1255 466 1313 Fabii
495 1255 764 1327 fecisset3
803 1274 933 1333 quoe
969 1263 1040 1314 ut
1085 1255 1487 1314 Hannibalem
1525 1275 1644 1315 non
1684 1246 1971 1331 32⁰&ss
2003 1256 2085 1331 ¹³53
2105 1287 2128 1314 2

294 1350 571 1414 mediocri
595 1351 912 1410 sollicitum
939 1371 1080 1411 cura
1103 1351 1376 1427 habebat,
1405 1353 1641 1411 tandem
1683 1338 1849 1377 ¹³⁰¹¹¹⁸¹¹
1866 1338 2080 1386 pm*

293 1467 429 1505 eum
460 1447 689 1507 militiae
728 1449 1074 1525 magistrum
1100 1448 1380 1525 delefflsse
1406 1450 1703 1508 Romanos
1728 1454 2076 1521 cernentem,

292 1545 400 1622 qui
428 1546 647 1604 bellum
673 1546 919 1620 ratione,
948 1564 1069 1604 non
1095 1546 1336 1605 fortuna
1361 1552 1604 1623 gereret,
1632 1546 1721 1604 ita
1745 1551 2079 1622 contempta
2102 1573 2125 1611 ³

293 1648 421 1700 erat
461 1642 620 1702 inter
663 1643 821 1702 cives
873 1648 1130 1701 armatos
1181 1642 1405 1720 pariter
1457 1649 1815 1720 togatosque,
1872 1642 2079 1719 utique

292 1746 602 1817 postquam
635 1742 877 1800 absente
902 1759 972 1799 eo
999 1743 1330 1799 temeritate
1356 1740 1624 1817 magistri
1649 1740 1916 1817 equitum
1942 1739 2077 1798 lueto

292 1838 488 1896 verius
526 1838 775 1897 dixerim
807 1857 983 1915 quam
1020 1856 1296 1914 prospero
1339 1845 1557 1897 eventu
1591 1843 1918 1914 pugnatum
1956 1836 2077 1895 fue·

291 1940 402 1993 rat.
484 1934 869 1994 Accesserant
905 1935 1034 1993 duoe
1068 1954 1161 1993 res
1187 1936 1265 1993 ad
1291 1936 1616 2013 augendam
1642 1934 1929 2007 invidiam
1956 1934 2075 1993 dic-
2098 1958 2125 1994 4

290 2031 516 2103 tatoris,
555 2050 675 2090 una
708 2032 914 2090 fraude
948 2052 1016 2090 ac
1057 2032 1191 2091 dolo
1224 2031 1599 2104 Hannibalis,
1629 2032 1799 2109 quod,
1829 2051 2012 2109 quum
2039 2052 2076 2090 a

289 2130 547 2206 perfugis
585 2129 641 2188 ei
681 2135 1042 2188 monstratus
1080 2147 1220 2205 ager
1258 2128 1561 2187 dictatoris
1600 2134 1769 2197 esset,
1803 2128 2073 2186 omnibus

288 2227 442 2283 circa
480 2225 603 2283 solo
640 2227 884 2302 aequatis
917 2225 994 2284 ab
1033 2244 1154 2283 uno
1188 2244 1259 2282 eo
1282 2224 1502 2283 ferrum
1529 2225 1838 2301 ignemque
1864 2232 1925 2283 et
1950 2224 2071 2283 vim

289 2339 521 2378 omnem
564 2320 825 2379 hostium
866 2321 1151 2379 abstineri
1207 2319 1398 2393 iussit,
1446 2325 1520 2377 ut
1562 2318 1782 2376 occulti
1826 2319 2072 2377 alicuius
2098 2349 2119 2386 ς

288 2416 447 2493 pacti
481 2436 552 2474 ea
575 2436 792 2476 merces
816 2417 1009 2476 videri
1033 2422 1246 2494 posset,
1274 2415 1462 2474 altera
1484 2415 1669 2492 ipsius
1690 2415 1861 2488 facto,
1882 2416 2072 2491 primo

286 2511 534 2571 forsitan
580 2512 773 2586 dubie,
830 2513 970 2591 quia
1011 2532 1131 2571 non
1178 2518 1513 2587 exspectata
1571 2511 1638 2569 in
1697 2530 1768 2570 eo
1829 2517 2066 2570 senatus

285 2609 604 2669 auctoritas
629 2615 734 2683 est,
756 2611 834 2668 ad
853 2618 1183 2669 extremum
1204 2608 1363 2667 haud
1381 2608 1651 2687 ambigue
1671 2609 1737 2668 in
1755 2609 2068 2667 maximam

283 2707 517 2766 laudem
547 2726 733 2766 verso,
816 2707 896 2765 In
930 2706 1336 2782 permutandis
1367 2705 1633 2784 captivis,
1661 2707 1813 2784 quod
1844 2707 1928 2766 sic
1954 2707 2069 2785 pri·
2093 2730 2119 2770 ⁶

283 2823 380 2863 mo
420 2803 646 2863 Punico
684 2803 839 2862 bello
878 2805 1098 2862 factum
1136 2808 1281 2877 erat,
1325 2810 1677 2863 convenerat
1710 2805 1867 2863 inter
1893 2804 2068 2862 duces

284 2900 622 2959 Romanum
670 2900 1049 2979 Poenumque,
1100 2906 1185 2974 ut,
1243 2920 1373 2978 quae
1424 2921 1559 2978 pars
1605 2902 1736 2978 plus
1783 2900 2066 2977 reciperet

281 3016 458 3074 quam
493 2998 676 3072 daret,
706 2998 939 3075 argenti
971 2998 1167 3075 pondo
1199 2997 1340 3056 bina
1372 3004 1434 3057 et
1458 2997 1697 3056 selibras
1723 2998 1785 3055 in
1813 2997 2063 3055 militem

280 3101 595 3170 praestaret.
681 3095 968 3154 Ducentis
995 3096 1383 3172 quadraginta
1411 3101 1634 3171 septem
1659 3112 1842 3171 quum
1868 3094 2065 3170 plures
2090 3127 2113 3166 7

281 3190 583 3251 Romanus
608 3212 783 3270 quam
811 3193 1030 3252 Poenus
1055 3193 1367 3269 mcepisset
1398 3196 1819 3267 argentumque
1844 3210 1952 3268 pro
1978 3190 2062 3249 eis

280 3286 559 3361 debitum,
591 3309 739 3366 saepe
773 3290 993 3349 iactata
1023 3290 1089 3347 in
1124 3294 1337 3347 senatu
1367 3307 1449 3360 re,
1478 3286 1754 3365 quoniam
1781 3306 1899 3345 non
1927 3307 2062 3346 con·
2087 3308 2113 3349 s

278 3383 553 3443 suluisset
613 3393 825 3463 patres,
881 3386 1112 3446 tardius
1172 3391 1526 3464 erogaretur,
1582 3385 1935 3445 inviolatum
1986 3385 2062 3443 ab
