2375 3842
339 249 438 308 40-
1116 246 1214 305 LI
1218 245 1345 308 VII

334 395 427 455 vis
451 393 618 452 venti
653 398 792 469 apta
828 392 1092 452 faciendo
1129 393 1257 470 igni
1291 398 1489 451 coorta
1527 399 1694 465 esset,
1734 395 2110 468 succendunt,

288 520 311 557 3
335 489 713 565 ardentiaque
754 508 896 546 saxa
930 488 1125 547 infuso
1163 495 1328 547 aceto
1365 489 1781 565 putrefaciunt.
1858 490 1962 549 Ita
1996 497 2115 550 tor-

322 587 519 645 ridam
557 585 826 643 incendio
860 605 1066 662 rupem
1095 586 1252 645 ferro
1283 581 1555 663 pandunt
1588 586 1975 663 molliuntque
2012 606 2113 645 an-

329 683 610 742 fractibus
634 681 873 740 modicis
889 682 1086 756 clivos,
1111 688 1187 741 ut
1210 668 1331 741 non
1356 683 1620 741 iumenta
1645 684 1851 754 solum,
1873 683 1977 742 sed
2002 684 2112 742 ele-

283 813 308 849 4
330 780 540 858 phanti
565 779 743 837 etiam
771 779 979 838 deduci
1003 785 1259 856 possent.
1318 778 1713 848 Quatriduum
1732 779 1884 837 circa
1901 797 2108 856 rupem

330 881 751 954 consumptum,
794 876 1073 934 iumentis
1112 896 1294 952 prope
1340 877 1494 934 fame
1534 876 1896 951 absumptis;
1948 876 2111 933 nuda

359 970 370 981 ’
464 973 473 979 “
764 972 923 1030 enim
956 972 1079 1030 fere
1117 992 1419 1059 σαψ
1456 977 1612 1030 sunt.
1632 977 1711 1043 et,
1739 971 1794 1029 si
1828 972 1974 1048 quid
2017 977 2110 1029 est

62 937 247 1037 [ψ

282 1103 306 1140 5
327 1018 725 1152 ffiffiffffi
764 1069 984 1145 pabuli,
1034 1071 1294 1127 obruunt
1334 1070 1517 1127 nives,
1600 1068 1887 1126 Inferiora
1923 1068 2108 1125 valles

105 1193 227 1256 ‘ist‘
240 1198 299 1223 w
324 1158 470 1209 Μ
763 1166 1094 1243 apricosque
1134 1166 1314 1224 etiam
1354 1166 1530 1224 colles
1576 1165 1798 1223 habent
1834 1164 2109 1239 rivosque

280 1291 305 1330 ⁶
326 1271 380 1322 ct
405 1281 585 1340 prope
610 1262 788 1321 silvas
813 1268 876 1320 et
899 1263 1018 1320 iam
1043 1262 1302 1320 humano
1327 1263 1493 1320 cultu
1517 1238 1946 1338 dignioradoca.
2004 1259 2105 1318 Ibi

326 1360 590 1418 iumenta
633 1359 701 1416 in
740 1359 1020 1435 pabulum
1058 1359 1237 1416 missa
1281 1365 1345 1416 et
1382 1358 1548 1435 quies
1585 1356 1901 1417 muniendo
1939 1355 2104 1414 fessis

325 1456 660 1514 hominibus
700 1456 852 1514 data.
936 1454 1158 1512 Triduo
1193 1455 1332 1512 inde
1365 1455 1441 1512 ad
1474 1454 1718 1531 planum
1748 1453 2101 1524 descensum,

323 1552 442 1610 iam
469 1559 531 1610 et
555 1552 696 1609 locis
721 1551 1081 1610 mollioribus
1107 1557 1170 1608 et
1196 1549 1520 1608 accolarum
1544 1550 1808 1626 ingeniis.

224 1657 299 1715 38
444 1648 580 1706 Hoc
600 1647 855 1704 maxime
874 1646 1045 1703 modo
1058 1645 1126 1702 in
1143 1646 1385 1702 Italiam
1400 1651 1752 1721 perventum
1768 1650 1872 1716 est,
1894 1644 2103 1719 quinto

321 1762 520 1803 mense
557 1763 595 1801 a
635 1742 986 1817 Carthagine
1026 1741 1215 1813 Nova,
1257 1745 1329 1797 ut
1366 1739 1603 1816 quidam
1641 1745 1904 1797 auctores
1943 1746 2099 1811 sunt,

320 1877 409 1916 ,ΠΒ
443 1876 640 1915 numbers
675 1874 721 1914 01
754 1837 963 1913 quinto
1028 1835 1253 1893 decimo
1319 1835 1413 1892 die
1470 1834 1729 1910 Alpibus
1793 1835 2098 1910 superatis.

275 1950 297 1976 2
323 1922 563 1965 ww*
578 1931 697 1970 ”¹¹²¹
762 1931 1009 2000 Quantae
1025 1931 1201 2007 copiae
1219 1936 1576 2006 transgresso
1593 1929 1661 1986 in
1676 1928 1917 1986 Italiam
1936 1928 2103 1986 Han-

320 2027 506 2086 nibali
529 2027 764 2101 fuerint,
796 2046 1162 2105 nequaquam
1199 2027 1359 2084 inter
1382 2033 1645 2084 auctores
1670 2029 1917 2083 constat.
1982 2024 2102 2095 Qui

319 2122 656 2199 plurimum,
699 2131 936 2183 centum
985 2125 1175 2182 millia
1226 2124 1511 2201 peditum,
1565 2121 1782 2199 viginti
1834 2121 2099 2199 equitum

319 2220 497 2278 fuisse
522 2221 823 2298 scribunt3
861 2221 968 2300 qui
1001 2222 1328 2293 minimum,
1355 2221 1572 2297 viginti
1604 2218 1794 2277 millia
1817 2218 2098 2295 peditum,

236 2312 241 2319 ’
272 2338 295 2374 3
321 2335 424 2375 sex
449 2318 731 2395 equitum.
790 2319 859 2378 L.
892 2319 1130 2378 Cincius
1156 2320 1516 2392 Alimentus,
1544 2316 1650 2395 qui
1673 2321 1907 2393 captum
1936 2333 1999 2373 se
2023 2316 2099 2373 ab

319 2414 658 2473 Hannibale
702 2415 921 2489 scribit,
967 2417 1225 2474 maxime
1275 2435 1366 2474 me
1417 2421 1622 2473 auctor
1664 2417 1940 2484 moveret,
1982 2411 2099 2469 nisi

317 2510 700 2569 confunderet
755 2530 1067 2569 numerum
1120 2513 1309 2571 Gallis
1361 2511 1791 2589 Liguribusque
1843 2507 2100 2579 additis3

269 2627 294 2663 4
318 2625 452 2663 cum
488 2605 583 2663 his
618 2608 914 2681 octoginta
947 2608 1136 2666 millia
1168 2609 1451 2686 peditum,
1481 2608 1679 2666 decem
1715 2605 1980 2682 equitum
2004 2601 2100 2660 ad-

317 2701 527 2773 ducta;
568 2700 659 2781 (in
703 2702 887 2760 Italia
929 2705 1116 2780 magis
1155 2705 1450 2763 affluxisse
1487 2705 1617 2762 veri
1656 2702 1848 2760 simile
1892 2704 1998 2771 est,
2036 2705 2099 2756 et

269 2824 293 2860 s
317 2797 404 2854 ita
428 2797 665 2873 quidam
691 2805 958 2857 auctores
983 2805 1123 2857 sunt
1131 2796 1176 2878 3)
1206 2820 1281 2858 ex
1305 2800 1434 2878 ipso
1460 2806 1652 2860 autem
1683 2798 1913 2856 audisse
1932 2795 2099 2853 Han-

313 2892 526 2968 nibale,
566 2899 876 2971 postquam
929 2894 1287 2954 Rhodanum
1333 2897 1650 2967 transierit,
1699 2893 1947 2969 triginta
1992 2911 2112 2950 sex-

315 2988 503 3047 millia
542 2989 846 3049 hominum
886 2991 1304 3070 ingentemque
1348 3011 1660 3051 numerum
1705 3007 1985 3066 equorum
2036 2995 2098 3047 et

315 3085 561 3144 aliorum
585 3085 982 3145 iumentorum
1007 3089 1281 3148 amisisse.
1315 3082 1583 3148 'Taurini
1602 3085 1903 3163 Semigalli
1925 3104 2096 3163 prox·

268 3189 294 3228 ⁶
314 3223 398 3262 md
429 3224 501 3264 th,
524 3235 619 3274 pm
655 3225 712 3274 Β,
750 3183 870 3242 ima
910 3204 1053 3261 gens
1087 3191 1216 3243 erat
1260 3186 1342 3244 in.
1365 3185 1604 3242 Italiam
1648 3183 1931 3259 degresso.
1977 3165 1984 3173 ⁸
2021 3181 2098 3239 Id

314 3270 716 3359 :ffiffinffl
754 3299 935 3356 quum
969 3282 1130 3341 inter
1161 3300 1363 3340 omnes
1400 3286 1641 3353 constet,
1670 3299 1740 3339 eo
1774 3278 1960 3357 magis
1992 3277 2098 3335 mi·

316 3368 416 3427 ‘'¹4⁸‘'
746 3396 852 3449 >ror
889 3379 1125 3458 ambigi,
1158 3398 1413 3458 quanam
1454 3377 1643 3456 Alpes
1680 3374 1995 3449 transierit,
2035 3379 2097 3431 et
