2375 3842
910 231 1166 291 LIBER
1218 232 1441 294 XXII.
1947 236 2058 297 141

274 380 416 441 tivis
443 380 666 460 copiam
692 382 881 441 faeere
891 402 911 457 3
952 382 1207 459 pretium
1234 382 1356 441 fore
1382 383 1447 441 in
1465 382 1659 460 capita.
1684 382 1873 461 equiti
1898 384 2065 462 quin-

272 497 449 554 genos
475 479 848 557 quadrigatos
884 498 1172 551 nummos,
1203 484 1467 537 trecenos
1501 478 1704 556 pediti,
1734 498 1903 539 servo
1937 499 2065 538 oen-

273 581 453 634 tenos.
540 576 890 653 Quanquam
928 574 1300 652 aliquantum
1341 576 1727 635 adficiebatur
1764 576 2064 656 equitibus
2088 614 2113 654 3

272 669 347 728 ad
373 672 435 729 id
461 671 734 748 pretium,
763 689 880 749 quo
904 670 1248 748 pepigerant
1283 671 1559 730 dedentes
1594 690 1673 746 se,
1702 672 1826 733 laeti
1859 680 2062 733 tamen

274 785 680 845 quamcunque
716 766 1109 826 condicionem
1145 767 1475 845 paciscendi
1498 775 1858 846 acceperunt.
1931 771 2063 830 Pla-
2087 790 2113 830 ⁶

272 863 396 920 cuit
438 863 712 941 suffragio
750 862 1011 941 ipsorum
1052 864 1252 922 decem
1284 863 1476 940 deligi,
1521 863 1625 940 qui
1664 885 1799 973 mmo
1764 886 1843 926 teu
1823 888 1927 972 tom

272 959 523 1019 Romam
572 960 648 1018 ad
707 967 976 1018 senatum
1023 959 1197 1033 irent,
1247 979 1356 1019 nec
1409 961 1625 1038 pignus
1663 931 1870 1027 futuis.to

270 1055 433 1114 aliud
471 1056 625 1130 fidei,
660 1076 836 1134 quam
875 1061 948 1113 ut
986 1055 1252 1115 iurarent
1289 1075 1352 1115 se
1390 1056 1698 1130 redituros
1738 1065 2056 1135 acceptum.

271 1151 495 1212 Missus
528 1174 661 1212 cum
699 1154 792 1211 his
821 1152 1115 1226 Carthalo,
1145 1153 1360 1211 nobilis
1396 1153 1910 1230 Carthaginiensis,
1940 1155 2058 1233 qui,
2088 1188 2112 1227 7
2186 1147 2195 1158 ’

270 1250 323 1309 si
349 1250 501 1309 forte
528 1250 604 1308 ad
631 1268 831 1326 paoem
855 1249 1170 1307 inclinaret
1197 1249 1441 1321 animus,
1473 1249 1837 1307 condiciones
1861 1249 2056 1310 ferret.
2185 1112 2264 1401 ἔ

272 1346 469 1416 Quum
505 1344 721 1422 egressi
754 1344 960 1402 castris
994 1351 1207 1414 essent,
1233 1364 1388 1402 unus
1423 1365 1501 1404 ex
1539 1345 1629 1420 iis,
1660 1344 1903 1404 minime
1943 1346 2059 1405 Ro·
2086 1356 2111 1397 8

269 1442 432 1500 mani
457 1441 681 1518 ingenii
706 1441 895 1514 hom0,
917 1442 1109 1500 veluti
1133 1441 1359 1517 aliquid
1385 1441 1620 1515 oblitus,
1649 1442 1799 1501 iuris
1826 1442 2063 1501 iurandi

268 1539 534 1598 solvendi
575 1558 748 1597 causa
787 1557 967 1616 quum
1009 1540 1076 1596 in
1115 1545 1305 1597 castra
1342 1539 1606 1613 redisset,
1648 1546 1787 1600 ante
1828 1547 2058 1600 noctem

268 1636 510 1696 comites
535 1635 878 1713 assequitur.
940 1635 1069 1695 Ubi
1097 1637 1347 1695 Romam
1366 1637 1569 1696 venire
1595 1656 1692 1696 eos
1717 1636 2059 1696 nuntiatum
2084 1655 2112 1694 9

267 1740 373 1807 est,
425 1734 768 1793 Carthaloni
814 1735 1049 1793 obviam
1101 1734 1275 1793 lictor
1324 1736 1550 1809 missus,
1601 1735 1706 1813 qui
1758 1735 2059 1798 dictatoris

265 1829 462 1888 verbis
487 1832 806 1905 nuntiaret,
836 1837 908 1889 ut
932 1837 1072 1890 ante
1097 1837 1328 1890 noctem
1369 1832 1674 1892 excederet
1698 1831 1914 1892 finibus
1942 1832 2056 1891 Ro·

265 1927 469 1987 manis.
576 1927 813 2006 Legatis
852 1928 1218 2006 captivorum
1261 1935 1497 1988 senatus
1541 1929 1617 1987 ab
1657 1985 1736 2015 ono
1767 1974 1813 2015 ο,
1834 1975 1970 2014 whom
1996 1974 2055 2013 M.
2087 1867 2210 1976 5³*

266 2024 550 2083 dictatore
590 2025 764 2084 datus
799 2031 905 2095 est,
933 2044 1184 2103 quorum
1218 2027 1486 2104 princeps
1525 2026 1612 2085 M.
1656 2020 2058 2107 ξζξῖᾞὲᾗᾝήῐὴ

267 2121 482 2179 Iunius
508 2121 760 2180 “Patres
779 2123 1095 2201 conscripti
1104 2123 1136 2150 ''
1163 2124 1377 2200 inquit,
1398 2128 1617 2182 “nemo
1659 2112 1783 2152 Μ

265 2222 530 2274 nostrum
570 2216 818 2293 ignorat,
847 2217 1004 2276 nulli
1037 2238 1301 2296 unquam
1340 2219 1569 2278 civitati
1607 2219 1841 2278 viliores
1879 2220 2055 2278 fnisse

265 2312 527 2388 captivos
560 2331 733 2388 quam
769 2319 984 2373 nostrae
1003 2336 1022 2389 3
1066 2321 1341 2387 ceterum,
1370 2315 1488 2372 nisi
1522 2315 1690 2394 nobis
1726 2317 1860 2393 plus
1897 2316 2054 2373 iusto
2081 2350 2104 2376 α

265 2413 468 2465 nostra
492 2407 684 2484 placet
711 2427 899 2484 causa,
927 2429 1049 2469 non
1074 2411 1179 2469 alii
1204 2430 1465 2488 unquam
1497 2413 1693 2470 minus
1719 2413 2052 2490 negligendi

263 2504 432 2563 vobis
460 2523 636 2581 quam
663 2524 772 2563 nos
795 2505 861 2564 in
886 2506 1147 2565 hostium
1171 2514 1518 2585 potestatem
1546 2516 1850 2569 venerunt.
1911 2510 2052 2569 Non
2079 2524 2261 2876 ξ

1998 890 2063 973 {gg

262 2600 423 2658 enim
448 2599 513 2656 in
541 2600 663 2657 acie
689 2619 795 2677 per
819 2601 1093 2659 timorem
1129 2621 1292 2660 arma
1325 2603 1691 2678 tradidimus,
1720 2604 1838 2679 sed,
1868 2625 2050 2683 quum

261 2717 443 2776 prope
490 2697 566 2755 ad
610 2703 842 2755 noctem
885 2705 1284 2776 superstantes
1327 2702 1576 2761 cumulis
1617 2722 1894 2762 caesorum
1934 2723 2053 2763 cor-

260 2816 469 2874 porum
497 2795 768 2873 proelium
795 2798 1266 2870 extraxissemus,
1286 2797 1351 2855 in
1378 2805 1565 2859 castra
1584 2799 1895 2877 recipimus
1914 2819 2021 2859 nos
2030 2819 2049 2873 3

261 2894 381 2952 diei
418 2894 709 2971 reliquum
752 2914 821 2952 ac
857 2901 1089 2952 noctem
1120 2895 1541 2973 insequentem,
1570 2897 1707 2955 fessi
1745 2898 1944 2955 labore
1984 2915 2049 2953 ac
2076 2925 2100 2962 ⁴

259 2991 617 3065 vulneribus,
661 2992 885 3050 vallum
931 3012 1132 3051 sumus
1172 2995 1393 3066 tutati3
1434 3001 1665 3070 postero
1710 2994 1822 3069 die,
1864 3013 2045 3072 quum
2074 3020 2099 3057 ⁵

259 3086 616 3146 circumsessi
659 3088 734 3145 ab
776 3088 1038 3146 exercitu
1084 3090 1306 3148 victore
1349 3108 1502 3165 aqua
1547 3108 1888 3161 arceremur,
1940 3108 2048 3149 nec

178 3249 189 3262 s
258 3183 381 3239 ulla
400 3184 516 3240 iam
543 3203 649 3260 per
675 3183 963 3244 confertos
990 3184 1184 3244 hostes
1212 3184 1558 3260 erumpendi
1584 3204 1713 3261 spes
1740 3190 1908 3257 esset,
1939 3204 2047 3245 nec

259 3296 382 3335 esse
407 3278 573 3337 nefas
599 3281 952 3355 duceremus,
982 3283 1411 3359 quinquaginta
1444 3281 1706 3341 millibus
1739 3282 2047 3341 hominum

258 3394 334 3432 ex
367 3377 489 3434 acie
522 3384 722 3435 nostra
760 3380 1082 3453 trucidatis»,
1115 3379 1370 3456 aliquem
1412 3398 1488 3437 ex
1515 3378 1813 3439 Cannensi
1845 3398 2044 3456 pugna
