2375 3842
875 255 1136 314 LIBER
1185 255 1396 316 XXII.
1961 257 2035 316 99

250 405 574 457 commeatu
600 399 855 462 advecto,
929 401 1018 460 Ea
1037 402 1235 462 classis
1260 403 1467 481 ingens
1494 403 1725 481 agmine
1752 404 2035 463 oneraria-
2062 442 2087 471 .

248 514 380 553 rum
420 496 624 573 procul
659 496 789 554 visa
824 517 958 557 cum
992 518 1206 576 magna
1231 501 1441 559 laetitia
1476 501 1695 560 civium
1728 503 2036 561 sociorum-

248 610 360 668 que
412 598 651 669 portum
704 593 1047 655 Tarraconis
1093 617 1169 656 ex
1223 598 1348 655 alto
1398 599 1608 657 tenuit.
1693 598 1791 657 Ibi
1843 599 2033 658 milite
2061 630 2085 668 ³

247 689 527 766 exposite,
555 691 848 767 profectus
875 692 1069 769 Scipio
1094 694 1269 752 fratri
1293 713 1355 752 se
1382 694 1701 771 coniungit,
1731 715 1798 752 ac
1825 694 2034 754 deinde

246 787 540 845 communi
579 787 776 846 animo
817 789 1188 866 consilioque·
1211 791 1494 867 gerebant
1533 790 1768 850 bellum.
1856 790 2035 849 Occu·
2057 818 2084 854 4

246 880 397 956 patis
430 880 616 957 igitur
655 882 1233 959 Carthaginiensibus
1274 884 1623 945 Celtiberico
1660 886 1830 958 bello,
1873 885 2032 944 haud

245 984 588 1036 cunctanter
639 978 935 1038 Hiberum
989 982 1520 1058 transgrediuntur,
1567 1001 1675 1040 nee
1729 982 1851 1040 ullo
1901 983 2031 1040 viso

243 1073 424 1146 hoste,
469 1073 798 1151 Saguntum
836 1084 1090 1153 pergunt
1128 1078 1230 1150 ire,
1275 1079 1432 1155 quod
1470 1080 1555 1137 ibi
1590 1079 1816 1137 obsides
1847 1080 2031 1137 totius

244 1170 559 1248 Hispaniae.
590 1173 836 1231 traditos
876 1176 950 1231 ab
992 1169 1332 1232 Hannibale
1365 1175 1526 1233 fama
1556 1182 1685 1234 erat
1709 1174 1937 1233 modico
1963 1176 2029 1233 in

243 1287 371 1325 arce
394 1270 676 1327 custodiri
701 1271 983 1347 praesidioa
1068 1271 1144 1329 ld
1163 1292 1353 1330 unum
1378 1273 1591 1349 pignus
1617 1272 1928 1331 inclinatos
1953 1274 2029 1331 ad
2053 1296 2075 1333 s

241 1366 571 1427 Romanam
618 1368 953 1427 societatem
1006 1369 1270 1427 omnium
1324 1369 1633 1447 Hispaniae
1679 1370 2058 1448 populorum·

240 1464 462 1523 animos
498 1466 865 1538 morabatur,.
879 1485 956 1523 ne
985 1466 1268 1542 sanguine
1304 1467 1556 1525 liberum
1590 1485 1829 1524 suorum
1855 1467 2027 1542 culpa

240 1562 581 1620 defectionis
613 1562 888 1622 lueretur.
976 1562 1064 1620 Eo
1096 1564 1333 1622 vinculo
1371 1564 1727 1641 Hispaniam
1751 1563 1847 1622 vir
1871 1583 2025 1622 unus
2051 1589 2075 1627 ο

240 1659 461 1717 sollerti
500 1660 684 1736 magis
725 1679 901 1736 quam
940 1660 1101 1718 fideli
1141 1661 1383 1720 consilio
1425 1660 1695 1720 exsolvit.
1779 1659 2025 1718 Abelux

238 1763 365 1814 erat
397 1757 643 1834 Sagunti
671 1757 885 1816 nobilis
913 1758 1235 1835 Hispanus,
1265 1759 1417 1818 fidus
1442 1765 1580 1817 ante
1623 1803 1663 1842 B
1728 1804 1800 1843 the
1838 1803 1944 1842 ma
1981 1803 2028 1842 or

238 1852 436 1910 Poenis
454 1873 472 1925 3
509 1859 635 1911 tum
641 1887 657 1925 9
686 1854 894 1930 qualia.
915 1855 1259 1932 plerumque
1286 1861 1427 1913 sunt
1460 1857 1587 1913 bar·
1623 1851 1687 1935 321,
1700 1850 2024 1943 ssgffgggfifgssj

238 1951 513 2008 batorum
537 1950 789 2027 ingenia,
821 1970 955 2009 cum
985 1953 1226 2010 fortuna
1250 1958 1585 2011 mutaverat
1622 1945 2024 2036 ffissffiffioffi

234 2046 425 2107 fidem.
513 2047 785 2105 Ceterum
814 2048 1177 2124 transfugam
1206 2049 1332 2106 sine
1356 2068 1581 2125 magnae
1620 2033 2019 2073 ''mmmmm‘'-
2048 2092 2069 2127 7

234 2143 323 2201 rei
356 2144 686 2220 proditione
724 2145 1060 2202 venientem
1100 2145 1176 2201 ad
1216 2145 1411 2202 hostes
1449 2144 1602 2201 nihil
1642 2143 1806 2202 aliud
1845 2163 2019 2220 quam

235 2259 422 2296 unum
461 2239 579 2295 vile
621 2245 797 2315 atque
835 2239 1055 2297 infame
1096 2259 1305 2316 corpus
1345 2258 1469 2296 esse
1495 2245 1675 2308 ratus,
1705 2239 1769 2294 id
1795 2238 2017 2314 agebat,

232 2342 306 2392 ut
348 2354 526 2411 quam
566 2336 888 2394 maximum
931 2336 1389 2395 emolumentum
1429 2333 1601 2391 novis
1643 2334 1812 2392 sociis
1851 2339 2001 2391 esset

235 2431 686 2507 Circumspectis
721 2433 904 2509 igitur
943 2433 1229 2503 omnibus,
1269 2449 1398 2507 quse
1436 2430 1678 2487 fortuna
1713 2429 2019 2507 potestatis
2045 2456 2067 2494 a

233 2530 360 2587 eius
415 2535 648 2605 poterat
699 2530 901 2603 faeere,
949 2529 1245 2589 obsidibus
1297 2526 1667 2603 potissimum
1720 2526 2018 2585 tradendis

230 2627 496 2685 animum
544 2626 771 2698 adiecit,
824 2647 948 2684 eam
996 2644 1176 2683 unam
1220 2643 1345 2681 rem
1391 2625 1648 2682 maxime
1686 2631 1852 2683 ratus
1890 2644 2019 2683 con-

231 2724 561 2782 ciliaturam
604 2723 887 2781 Romanis
931 2719 1262 2797 principum
1318 2720 1624 2798 Hispaniae
1678 2720 2010 2779 amicitiam.

232 2821 346 2879 Sed
387 2841 571 2897 quum
611 2819 841 2877 iniussu
880 2816 1143 2875 Bostaris
1181 2816 1438 2893 praefecti
1478 2818 1621 2877 satis
1661 2819 1834 2875 sciret
1864 2817 2014 2874 nihil
2040 2852 2067 2890 9

229 2918 499 2976 obsidum
538 2917 806 2975 custodes
844 2915 1099 2972 facturos
1139 2932 1279 2987 esse,
1324 2914 1631 2972 Bostarem
1662 2913 1857 2991 ipsum
1888 2919 2015 2970 arte

227 3015 580 3089 aggreditur.
668 3013 872 3071 Castra
899 3016 1068 3069 extra
1093 3011 1299 3068 urbem
1325 3010 1392 3069 in
1411 3011 1539 3088 ipso
1565 3011 1736 3068 litore
1763 3010 2015 3066 habebat
2045 3038 2092 3065 ιο

170 3120 177 3126 ·
229 3110 455 3181 Bostar,
484 3116 554 3167 ut
579 3110 805 3169 aditum
833 3129 902 3166 ea
925 3113 1093 3184 parte
1118 3108 1535 3166 intercluderet
1555 3103 1850 3166 Romanis.
1915 3104 2016 3163 Ibi

225 3223 364 3262 eum
403 3205 468 3262 in
504 3215 792 3266 secretum
823 3207 1157 3277 abductum,
1187 3205 1357 3263 velut
1381 3205 1762 3281 ignorantem,
1793 3212 2006 3274 monet,

224 3321 346 3378 quo
388 3308 550 3360 statu
589 3305 668 3362 sit
708 3324 835 3363 res:
888 3310 1113 3360 metum
1155 3300 1511 3359 continuisse
1556 3299 1632 3356 ad
1680 3318 1807 3357 eam
1853 3298 2006 3355 diem
2040 3335 2084 3362 ῃ

225 3399 633 3475 Hispanorum
680 3401 918 3471 animos,
967 3398 1106 3475 quia
1149 3397 1350 3473 procul
1401 3395 1655 3454 Romani
1702 3396 2007 3467 abessent3

1671 3513 1839 3579 7-2
1897 3489 1902 3493 ’
