2375 3842
903 227 1162 291 LIBER
1211 227 1398 290 XXI.
1957 227 2033 289 47

260 396 438 456 quam
484 370 685 454 mgni
726 376 979 439 nominis
1030 375 1252 435 bellum
1295 381 1402 450 est,
1446 381 1571 435 tam
1611 375 1904 437 difficilem
1939 396 2038 437 ex·

258 474 586 533 istimaritis
609 474 915 533 victoriam
952 472 1111 546 fore;
1151 491 1305 550 saepe
1345 478 1408 531 et
1447 477 1813 551 contemptus
1851 473 2036 533 hostis

258 576 565 629 cruentum
618 578 912 629 certamen
950 569 1137 631 edidit
1180 575 1244 629 et
1286 569 1480 628 incliti
1520 569 1723 646 populi
1758 588 2036 647 regesque

257 667 478 745 perlevi
516 672 812 725 momento
850 666 998 727 victi
1034 670 1194 729 sunt.
1283 665 1442 725 Nam
1481 666 1718 743 dempto
1755 664 1865 724 hoc
1916 685 2035 725 uno
2062 696 2110 725 ιι

257 763 482 839 fulgore
539 763 794 821 nominis
859 761 1131 836 Romani,
1200 761 1343 837 quid
1409 767 1516 837 est,
1571 781 1677 821 cur
1726 762 1819 820 illi
1869 763 2036 821 vobis

258 857 630 935 comparandi
654 859 817 917 sint‘l
895 858 991 919 Ut
1029 858 1249 935 viginti
1282 878 1571 919 annorum
1603 860 1877 919 militiam
1912 880 2035 919 ves-
2064 890 2111 929 η

259 961 412 1013 tram
449 974 584 1013 cum
629 955 732 1013 illa
767 955 1008 1028 virtute,
1050 974 1184 1013 cum
1222 955 1330 1015 illa
1361 956 1600 1014 fortuna
1637 995 1720 1036 ,ω
1777 996 1927 1035 ancum
1983 997 2035 1035 ,κ

258 1058 498 1126 taceam,
527 1052 601 1109 ab
640 1051 915 1110 Herculis
941 1051 1239 1125 columnis,
1266 1053 1340 1110 ab
1368 1051 1598 1111 Oceano
1637 1043 1906 1134 22⁸1}ssssss
1916 1052 2035 1128 22¹¹,ss

258 1148 638 1225 terminisque
657 1148 889 1206 ultimis
908 1157 1194 1206 terrarum
1213 1166 1321 1224 per
1339 1155 1431 1206 tot
1449 1150 1594 1207 fero-
1632 1144 1681 1179 ⁸⁸
1696 1134 1835 1182 ‘⁸⁰¹³’

257 1243 515 1302 cissimos
570 1243 874 1321 Hispaniae
924 1249 986 1301 et
1032 1242 1239 1301 Galliae
1284 1244 1531 1320 populos
1577 1242 1879 1301 vincentes
1917 1243 2032 1299 huc

258 1341 604 1417 pervenistis
627 1361 646 1414 3
688 1338 1028 1418 pugnabitis
1066 1358 1201 1396 cum
1234 1341 1496 1398 exercitu
1525 1340 1737 1412 tirone,
1763 1339 1873 1397 hac
1906 1337 2034 1414 ipsa
2060 1364 2107 1402 η

178 1479 192 1489 ,
258 1441 460 1493 aestate
486 1455 648 1504 caeso,
674 1435 848 1509 victo,
887 1435 1259 1494 circumsesso
1295 1453 1332 1492 a
1368 1435 1571 1508 Gallis,
1605 1435 1807 1513 ignoto
1841 1437 2031 1494 adhuc

259 1531 397 1589 duci
436 1549 542 1589 suo
583 1530 992 1607 ignorantique
1038 1531 1261 1592 ducem.
1360 1533 1469 1593 An
1513 1550 1608 1591 me
1652 1533 1720 1590 in
1762 1532 2031 1611 praetorio
2059 1557 2104 1596 ιε

258 1626 458 1703 patris,
487 1627 789 1686 clarissimi
816 1628 1199 1706 imperatoris,
1228 1650 1409 1708 prope
1437 1636 1660 1702 natum,
1683 1636 1839 1688 certe
1866 1629 2032 1688 educ·

257 1730 406 1793 tum,
426 1721 769 1780 domitorem
789 1722 1094 1801 Hispaniae
1113 1724 1449 1802 Galliaeque,
1474 1725 1754 1784 victorem
1782 1724 2028 1782 eundem

257 1836 377 1874 non
422 1817 778 1894 Alpinarum
831 1819 1003 1877 modo
1054 1820 1337 1896 gentium,
1392 1821 1494 1881 sed
1546 1820 1820 1898 ipsarum,
1875 1820 2029 1896 quod

257 1913 444 1971 multo
478 1913 665 1971 maius
702 1920 808 1987 est,
851 1913 1117 1990 Alpium,
1146 1936 1280 1975 cum
1314 1916 1579 1976 semestri
1603 1917 1713 1975 hoc
1738 1915 2030 1975 conferam

257 2009 418 2082 duce,
472 2010 762 2069 desertore
810 2011 1100 2070 exercitus
1152 2013 1285 2072 sui?
1342 2013 1438 2072 cui
1490 2013 1543 2072 si
1595 2013 1727 2090 quis
1779 2011 2030 2088 demptis
2057 2027 2104 2069 16

258 2106 437 2181 signis
475 2106 688 2166 Poenos
728 2108 1137 2186 Romanosque
1177 2110 1350 2168 hodie
1396 2111 1683 2183 ostendat,
1733 2109 2029 2185 ignoratu-

256 2220 389 2257 rum
427 2208 651 2259 certum
692 2202 893 2275 habco,
933 2204 1129 2262 utrius
1165 2204 1458 2262 exercitus
1484 2203 1563 2261 sit
1589 2203 1804 2261 consul.
1885 2202 2030 2261 Non
2055 2233 2103 2272 17

259 2316 364 2372 ego
382 2297 532 2354 illud
546 2298 716 2373 parvi
741 2301 979 2372 aestimo,
1002 2300 1238 2374 milites,
1260 2300 1416 2377 quod
1441 2318 1613 2358 nemo
1639 2304 1728 2357 est
1747 2303 2025 2371 vestrum,

257 2393 424 2451 cuius
462 2413 583 2463 non
621 2401 760 2454 ante
798 2398 992 2456 oculos
1030 2398 1155 2475 ipse
1185 2417 1338 2475 saepe
1372 2397 1625 2461 militare
1650 2395 1885 2472 aliquod
1912 2394 2028 2452 edi·

256 2490 442 2549 derim
474 2491 713 2567 facinus,
751 2493 846 2551 cui
879 2513 999 2552 non
1034 2494 1190 2552 idem
1228 2512 1335 2570 ego
1373 2493 1615 2553 virtutis
1647 2497 1937 2570 spectator
1960 2510 2029 2549 ac

262 2588 424 2645 testis
465 2593 670 2647 notata
708 2590 1065 2666 temporibus
1104 2589 1361 2666 locisque
1405 2591 1621 2652 referre
1662 2610 1769 2648 sua
1811 2589 2027 2667 possim

257 2684 473 2742 decora.
560 2683 709 2742 oum
746 2685 998 2744 laudatis
1032 2705 1071 2744 a
1103 2706 1198 2745 me
1223 2687 1433 2746 millies
1460 2687 1819 2764 donatisque,
1845 2687 2027 2745 alum-
2053 2699 2102 2739 τε

256 2795 367 2835 nus
391 2779 554 2855 prius
587 2779 847 2838 omnium
874 2786 1133 2839 vestrum
1161 2800 1337 2858 quam
1362 2783 1691 2861 imperator,
1720 2783 2026 2859 procedam

257 2872 323 2931 in
373 2876 555 2933 aciem
614 2876 892 2934 adversus
953 2875 1183 2952 ignotos
1236 2877 1394 2935 inter
1444 2897 1507 2936 se
1559 2877 2019 2954 ignorantesque.

257 2970 614 3048 Quocunque
652 2943 985 3029 circumtuli.
1019 2972 1231 3045 oculos,
1269 2973 1442 3049 plena
1476 2972 1673 3031 omnia
1707 2971 1879 3039 video
1904 2969 2024 3027 ani·
2048 2968 2129 3028 44

193 3064 197 3069 ’
254 3086 480 3126 morum
533 3090 601 3128 ac
645 3069 886 3142 roboris,
940 3075 1284 3128 veteranum
1335 3069 1608 3146 peditem,
1661 3064 2025 3144 generosissi-

252 3183 478 3223 marum
524 3167 789 3243 gentium
836 3167 1061 3243 equites
1107 3167 1367 3225 frenatos
1418 3166 1867 3240 infrenatosque,
1918 3181 2023 3220 vos
2047 3196 2072 3223 ο

253 3261 434 3318 socios
460 3262 821 3320 fidelissimos
846 3261 1320 3337 fortissimosque,
1349 3278 1470 3330 voS,
1496 3256 2018 3335 Carthaginienses,

252 3373 433 3431 quum
454 3377 562 3432 pro
588 3357 792 3434 patria,
816 3362 945 3414 tum
971 3358 1047 3429 ob
1064 3357 1214 3414 iram
1240 3354 1615 3414 iustissimam
1643 3357 2019 3431 pugnaturos-
