2375 3842
924 229 1184 291 LIBER
1235 230 1420 293 XXI.
1589 266 1596 277 r
1984 230 2054 289 11

269 379 398 436 dux
436 383 582 453 erat,
623 378 726 436 sed
760 384 929 456 pater
961 379 1086 457 ipse
1117 379 1442 452 Hamilcar,
1470 379 1635 437 Mars
1660 379 1829 452 alter,
1858 383 1930 437 ut
1954 378 2058 437 isti

270 474 500 534 volunt.
588 474 704 534 Sed
750 475 1021 544 Tarento,
1063 477 1128 535 id
1167 481 1261 534 est
1298 476 1494 549 Italia,
1534 494 1657 534 non
1699 475 2059 534 abstinuera-

269 591 403 629 mus
435 590 513 629 ex
546 570 778 643 foedere,
812 572 966 631 sicut
1003 591 1163 630 nunc
1201 572 1467 649 Sagunto
1500 591 1623 630 non
1653 571 2054 646 abstinemus3

267 667 542 727 vicerunt
574 687 713 745 ergo
746 668 835 726 dii
872 667 1140 727 homines
1173 675 1253 742 et,
1289 668 1353 727 id
1389 669 1464 728 de
1498 686 1616 746 quo
1642 669 1837 725 verbis
1876 668 2056 726 ambi·
2077 668 2122 726 9‘

267 751 531 843 gebatur,
576 771 713 823 uter
757 765 1009 843 populus
1055 766 1243 825 foedus
1286 765 1559 842 rupisset,
1612 772 1860 824 eventus
1911 764 2055 824 befli

269 861 438 919 velut
463 881 664 939 aequus
690 862 889 934 iudex,
918 861 1076 920 unde
1101 862 1195 920 ius
1215 863 1423 936 stabat,
1454 861 1513 922 ei
1535 862 1842 921 victoriam
1868 863 2048 922 dedit.

270 958 616 1036 Carthagini
645 978 806 1017 nunc
840 959 1150 1017 Hannibal
1176 959 1380 1018 vineas
1405 964 1713 1036 turresque
1738 960 2051 1033 admovet3
2080 989 2130 1016 ιο

268 1055 644 1132 Carthaginis
673 1056 890 1114 moenia
925 1055 1120 1132 quatit
1146 1057 1344 1115 ariete.
1430 1056 1682 1133 Sagunti
1707 1057 1895 1115 ruinae
1924 1057 2054 1137 (fal-

265 1171 367 1210 sus
401 1153 635 1211 utinam
669 1159 836 1211 vates
871 1152 1008 1231 sim)
1045 1154 1265 1211 nostris
1301 1153 1592 1230 capitibus
1617 1153 1899 1228 incident,
1928 1173 2053 1212 sus-

264 1255 616 1327 ceptumque
662 1269 798 1308 cum
851 1249 1197 1326 Saguntinis
1251 1250 1472 1308 bellum
1524 1249 1860 1308 habendum
1915 1270 2049 1308 cum

263 1345 550 1403 Romanis
576 1351 680 1406 est.
705 1360 732 1418 ι
766 1345 1063 1404 'edemus
1098 1365 1236 1422 ergo
1272 1345 1713 1404 Hannibalem?
1754 1347 1909 1433 dicet
1948 1346 2049 1403 ali-
2074 1375 2117 1401 n
2193 1348 2202 1359 '

261 1443 415 1519 quis.
498 1443 630 1502 Scio
662 1462 851 1501 meam
883 1444 1074 1501 levem
1106 1462 1231 1502 esse
1256 1443 1322 1501 in
1349 1463 1417 1501 eo
1443 1443 1854 1502 auctoritatem
1879 1462 2047 1520 prop-

258 1545 357 1597 ter
380 1544 653 1616 paternas
677 1540 1019 1598 inimicitias
1038 1560 1057 1613 3
1088 1540 1190 1599 sed
1217 1548 1279 1599 et
1306 1540 1707 1599 Hamilcarem
1733 1560 1801 1600 eo
1827 1541 2045 1618 perisse

259 1637 492 1695 laetatus
538 1655 685 1709 sum,
727 1638 899 1714 quod,
943 1639 994 1696 si
1031 1638 1134 1695 ille
1170 1638 1417 1711 viveret,
1458 1638 1680 1696 bellum
1718 1639 1837 1696 iam
1872 1637 2045 1697 habe-

258 1751 454 1791 remus
474 1752 609 1791 cum
628 1733 928 1805 Romanis,
951 1741 1014 1792 et
1040 1735 1199 1792 hunc
1222 1736 1499 1793 iuvenem
1520 1741 1805 1812 tanquam
1825 1736 2043 1795 furiam

256 1829 558 1906 facemque
596 1830 772 1888 huius
809 1830 952 1888 belli
992 1832 1089 1888 odi
1128 1851 1197 1890 ac
1236 1832 1531 1906 detestor3
1569 1851 1678 1891 nec
1714 1833 2042 1892 dedendum
2073 1860 2119 1887 ια

259 1926 449 1984 solum
475 1926 549 1984 ad
575 1925 871 2003 piaculum
892 1928 1054 2003 rupti
1073 1929 1323 2000 foederis‚
1346 1930 1465 2001 sed,
1489 1929 1540 1986 si
1561 1948 1733 1988 nemo
1753 1929 2040 2007 deposcat,

257 2023 666 2081 devehendum
690 2023 757 2081 in
783 2023 1022 2082 ultimas
1058 2025 1238 2082 maris
1273 2032 1679 2102 terrarumque
1715 2046 1859 2098 oras,
1893 2028 2046 2086 able·

256 2120 516 2195 gaudum
570 2139 654 2191 ec,
712 2119 868 2178 unde
918 2139 1027 2178 nec
1073 2121 1151 2179 ad
1190 2140 1298 2179 nos
1343 2141 1558 2179 nomen
1598 2121 1872 2199 famaque
1915 2123 2041 2181 eius

254 2215 513 2275 accidere
552 2236 742 2293 neque
780 2216 881 2275 ille
921 2217 1232 2276 sollicitare
1271 2218 1484 2295 quietae
1523 2218 1779 2276 civitatis
1818 2225 2041 2277 statum

254 2313 456 2390 possit.
567 2312 696 2390 Ego
747 2313 835 2370 ita
885 2333 1105 2385 censeO,
1162 2314 1384 2390 legatos
1437 2314 1732 2390 extemplo
1786 2313 2038 2372 Romam
2066 2338 2113 2375 13

254 2409 595 2482 mittendOS,
643 2409 749 2485 qui
794 2411 1026 2468 senatui
1065 2410 1468 2484 satisfaciant;
1510 2410 1673 2483 alios,
1719 2411 1824 2488 qui
1871 2411 2038 2469 Han-

250 2505 439 2564 nibali
477 2506 774 2579 nuntient,
820 2513 891 2564 ut
942 2507 1268 2566 exercitum
1320 2507 1395 2566 ab
1449 2507 1712 2584 Sagunto
1764 2507 2033 2581 abducat,

250 2602 562 2679 ipsumque
606 2602 1006 2662 Hannibalem
1061 2624 1138 2663 ex
1189 2605 1403 2664 foedere
1456 2605 1740 2664 Romanis
1782 2604 2036 2680 dedant3

251 2700 490 2756 tertiam
537 2699 889 2776 legationem
930 2702 1006 2759 ad
1051 2721 1145 2759 res
1188 2702 1534 2779 Saguntinis
1578 2701 1900 2760 reddendas
1942 2702 2037 2762 de-

248 2796 475 2855 cerno,''
566 2796 766 2866 Quum
818 2796 1044 2856 Hanno
1094 2806 1438 2876 perorasset,
1495 2798 1719 2857 nemini
1770 2798 2034 2858 omnium
2061 2802 2132 2860 11

247 2897 470 2949 certare
509 2893 772 2951 oratione
804 2913 940 2952 cum
980 2914 1048 2952 eo
1084 2914 1319 2954 necesse
1345 2896 1462 2954 fuit
1480 2916 1501 2970 3
1540 2896 1685 2954 adeo
1710 2914 1890 2972 prope
1915 2915 2035 2954 om·

245 2989 340 3046 nis
379 2996 616 3047 senatus
643 2990 1004 3050 Hannibalis
1035 2999 1178 3065 erat,
1209 2993 1594 3069 infestiusque
1632 3034 1704 3074 me
1718 3038 1859 3075 senato
1874 3036 1919 3075 ot
1936 3037 2035 3076 Q„-

244 3084 507 3142 locutum
523 3087 848 3161 arguebant
864 3086 1223 3147 Hannonem
1239 3108 1418 3166 quam
1433 3088 1594 3145 Flac-
1631 3082 1969 3174 affingffi
1986 3086 2036 3170 2⁴}

243 3199 380 3237 cum
407 3179 734 3252 Valerium,
763 3180 1024 3256 legatum
1054 3181 1407 3240 Romanum.
1479 3182 1595 3239 Re-
1632 3174 1738 3212 *ω’
1753 3175 1929 3222 general.

241 3295 519 3352 sponsum
564 3277 703 3334 inde
741 3277 948 3354 legatis
989 3276 1275 3336 Romanis
1314 3285 1420 3353 est,
1461 3280 1684 3337 bellum
1723 3287 1922 3339 ortum
1955 3283 2031 3340 ab

242 3372 604 3448 Saguntinis,
654 3392 776 3431 non
827 3374 902 3431 ab
957 3374 1298 3434 Hannibale
1351 3395 1516 3451 esse;
1575 3378 1860 3454 populum
1912 3379 2031 3436 Ro-
