2375 3842
319 256 397 314 56
952 295 957 299 ·
1097 255 1199 313 LI
1204 252 1291 314 VI
1285 254 1331 311 I

317 422 450 460 oum
484 402 678 463 insula
715 402 985 460 traditur.
1070 401 1222 460 Indo
1261 406 1393 477 post
1431 419 1643 477 paucos
1681 400 1805 458 dieu
1843 399 2099 458 reditum

318 499 661 575 Lilybaeum,
685 499 1020 575 captivique
1044 504 1108 557 et
1133 518 1169 556 a
1194 498 1429 556 consule
1456 503 1515 554 et
1541 516 1579 554 a
1602 502 1865 573 praetore,
1888 502 2101 572 praeter

269 620 292 658 3
318 596 574 673 insignes
600 596 908 653 nobilitate
933 596 1104 668 virae,
1137 596 1247 652 sub
1286 613 1495 652 corona
1520 593 1847 650 venierunt.
1934 576 2102 650 Postss

318 713 493 770 quam
520 695 596 750 ab
622 713 690 750 ea
715 698 882 768 parte
908 692 1052 750 satis
1076 698 1270 750 tutam
1292 679 1552 748 Siciliam
1580 691 1850 748 censebat
1876 689 2094 762 consul,

316 791 393 847 ad
431 790 650 847 insulas
665 789 955 862 ,Vulcani‚
987 789 1126 865 quia
1161 790 1318 846 fama
1352 794 1478 846 erat
1510 794 1664 845 stare
1699 787 1786 844 ibi
1813 786 2097 844 Punicam

318 887 574 960 classem,
604 886 875 960 traiecit3
913 905 1022 944 nee
1057 887 1365 962 quisquam
1400 885 1659 942 hostium
1696 884 1848 941 eirea
1882 902 1980 941 eas
2014 884 2100 940 in-

268 1006 290 1042 ⁴
315 984 473 1042 sulas
497 983 810 1056 inventus;
845 1002 984 1040 nam
1009 982 1159 1040 forte
1184 981 1629 1039 transmiserant
1654 981 1728 1038 ad
1755 980 2097 1038 vastandam

316 1130 392 1169 but
418 1130 451 1169 ὴ
477 1140 500 1168 r
500 1131 599 1169 aean
602 1126 653 1169 ed
673 1129 717 1168 in
755 1081 945 1137 Italiae
1006 1099 1184 1151 oram,
1234 1079 1696 1155 depopulatoque
1749 1077 2098 1134 Viboniensi

269 1206 292 1242 5
317 1175 722 1270 whssoeiffifflfyssffiffg
757 1196 912 1252 agr0,
942 1177 1147 1233 urbem
1173 1176 1353 1234 etiam
1384 1176 1697 1233 terrebant.
1784 1174 2098 1249 Repetenti

315 1269 633 1354 ffieffigrffigss}
654 1265 722 1353 fg}
760 1273 1018 1331 Siciliam
1036 1273 1261 1330 consuli
1278 1272 1796 1330 escensiohostium
1813 1271 1879 1327 in
1894 1290 2098 1346 agrum

318 1361 530 1408 Q
752 1370 1174 1427 Viboniensem
1216 1369 1373 1426 faeta
1410 1369 1739 1438 nuntiatur,
1774 1368 2099 1443 litteraeque

317 1467 393 1524 ab
435 1471 643 1524 senatu
684 1467 761 1524 de
803 1466 1059 1523 transitu
1100 1466 1166 1522 in
1211 1465 1451 1522 Italiam
1498 1464 1872 1536 Hannibali8‚
1916 1469 1981 1521 et
2030 1471 2101 1521 ut

317 1562 506 1638 primo
542 1581 769 1638 quoque
805 1569 1064 1638 tempore
1100 1562 1330 1638 collegae
1370 1562 1550 1619 ferret
1579 1560 1882 1632 auxilium,
1912 1561 2100 1618 missae

273 1682 298 1719 6
316 1659 648 1716 traduntur.
683 1694 688 1699 -
733 1659 947 1716 Multis
987 1658 1163 1716 simul
1205 1658 1416 1716 anxius
1453 1658 1608 1715 curis
1646 1658 1968 1716 exercitum
2006 1676 2101 1714 ex-

320 1754 536 1830 templo
582 1755 648 1811 in
705 1774 885 1811 naves
938 1754 1279 1830 impositum
1320 1754 1663 1811 Ariminum
1704 1755 1854 1811 mari
1893 1773 2100 1830 supero

228 1894 233 1900 .
318 1851 496 1921 misit,
550 1850 697 1908 Sex.
747 1849 1074 1926 Pomponio
1126 1850 1317 1925 legato
1371 1868 1505 1907 cum
1570 1849 1786 1927 viginti
1835 1851 2098 1926 quinque

317 1947 508 2023 longis
561 1948 813 2019 navibus
886 1947 1309 2005 Viboniensem
1362 1966 1565 2023 agrum
1632 1947 2100 2023 maritimamque

224 2074 228 2077 ’
272 2068 295 2105 ⁷
319 2064 480 2102 oram
528 2044 719 2102 Italiae
757 2044 1039 2103 tuendam
1078 2044 1370 2102 attribuit.
1452 2043 1536 2102 M.
1581 2043 1831 2101 AEmilio
1869 2044 2102 2120 praetori

319 2141 744 2219 quinquaginta
789 2140 1033 2198 navium
1079 2140 1318 2198 classem
1372 2140 1645 2217 explevit.
1752 2140 1903 2216 Ipse,
1954 2159 2103 2198 oom-

318 2239 523 2316 positis
551 2238 762 2296 Siciliae
788 2238 979 2310 rebuS,
999 2238 1197 2296 decem
1222 2237 1473 2294 navibus
1500 2257 1661 2295 oram
1688 2237 1879 2295 Italiae
1905 2237 2102 2313 legens

317 2336 658 2393 Ariminum
685 2334 968 2410 pervenit.
1053 2334 1205 2392 Inde
1230 2353 1365 2392 cum
1393 2334 1653 2391 exercitu
1680 2353 1786 2391 suo
1810 2335 2102 2411 profectus

317 2434 393 2491 ad
418 2433 686 2491 Trebiam
712 2432 932 2490 flumen
958 2431 1189 2508 eollegae
1217 2431 1605 2506 coniungitur.
1853 2424 1998 2540 ...ἱ-φ

219 2541 291 2599 52
437 2531 566 2587 Iam
589 2530 760 2586 ambo
781 2529 1044 2587 eonsules
1065 2535 1128 2586 et
1154 2527 1433 2605 quioquid
1460 2527 1858 2585 Romanarum
1886 2527 2103 2584 virium

318 2632 460 2697 erat,
516 2624 847 2683 Hannibali
911 2627 1261 2702 oppositum,
1310 2629 1417 2682 aut
1467 2625 1587 2682 illis
1641 2625 1819 2701 copiis
1871 2624 2104 2682 defendi

319 2745 509 2806 Hejqins
517 2745 648 2794 Scipio
661 2755 717 2784 on
755 2740 920 2799 posse
947 2722 1284 2780 Romanum
1310 2722 1626 2798 imperium
1657 2727 1764 2779 aut
1788 2740 1950 2798 spem
1975 2720 2104 2778 nul-

271 2852 294 2879 2
317 2792 562 2886 Ῐιιῖ-ἓοῖἷὼιίῗ
578 2792 716 2876 ἷῗιῖοίέ
755 2819 875 2875 lam
914 2819 1089 2876 aliam
1116 2838 1256 2891 esse,
1287 2819 1431 2877 satis
1458 2819 1800 2876 declarabat.
1886 2817 2104 2874 Tamen

317 2885 615 2970 fflffgoe
674 2884 720 2922 οἷ
756 2915 958 2974 consul
1000 2915 1164 2988 alter,
1197 2915 1452 2991 equestri
1492 2915 1697 2991 proelio
1731 2934 1850 2972 uno
1885 2921 1945 2972 et
1975 2914 2103 2971 vul-

315 3032 454 3071 nere
481 3031 586 3070 suo
616 3013 945 3085 †·minutu8‚
975 3013 1134 3071 trahi
1161 3032 1286 3070 rem
1316 3012 1569 3070 malebat
1587 3031 1607 3085 3
1647 3014 1897 3069 recentis
1923 3011 2105 3067 animi

318 3110 468 3168 alter
527 3128 708 3186 eoque
763 3110 1008 3167 ferocior
1066 3109 1292 3166 nullam
1353 3108 1694 3166 dilationem
1750 3107 2097 3183 patiebatur.

267 3230 294 3272 ³
319 3205 491 3276 Quod
541 3205 700 3263 inter
755 3206 1025 3265 Trebiam
1072 3205 1420 3281 Padumque
1458 3205 1585 3280 agri
1626 3209 1733 3278 est,
1777 3204 1939 3261 Galli
1974 3210 2105 3260 tum

316 3302 665 3377 incolebant,
710 3304 773 3361 in
821 3304 1070 3362 duorum
1109 3300 1564 3380 praepotentium
1602 3300 1951 3377 populorum
1989 3319 2107 3357 oer-

316 3400 539 3460 tamine
576 3419 683 3477 per
723 3401 1064 3478 ambiguum
1119 3401 1378 3457 favorem
1431 3398 1588 3455 haud
1637 3397 1814 3456 dubie
1852 3397 2103 3474 gratiam
