2375 3842
362 254 442 315 78
844 204 851 209 ‘
984 312 995 321 .
1139 255 1371 318 LIVII

359 398 648 457 Romanis
673 401 870 458 subita
892 407 1072 478 atque
1102 401 1421 479 it'nprovisa
1444 421 1538 461 res
1562 402 1697 476 fuit,
1723 404 1880 480 quod
1915 410 2048 461 orta
2072 423 2151 461 ex

356 496 492 554 lacu
537 497 754 555 nebula
799 517 1004 574 eampo
1045 518 1225 576 quam
1275 501 1572 558 montibus
1618 500 1852 559 densior
1897 502 2149 575 sederat,

357 592 709 669 agminaque
745 593 1004 653 hostium
1044 615 1122 654 ex
1160 598 1429 673 pluribus
1462 597 1708 655 collibus
1741 597 1869 673 ipsa
1891 598 2055 656 inter
2088 618 2154 657 se

308 712 334 751 7
357 691 501 748 satis
529 699 835 768 conspecta
858 711 1042 770 eoque
1067 694 1253 770 magis
1277 695 1499 771 pariter
1522 693 1985 776 decucurrerant.
2032 694 2154 752 Ro-

355 806 566 845 manus
591 788 841 847 elamore
866 790 1033 866 prius
1056 791 1318 867 undique
1336 798 1481 864 ort0,
1504 810 1682 867 quam
1701 791 1845 849 satis
1860 796 2149 868 efflueret,

355 902 420 941 se
446 884 912 944 circumventum
937 905 1061 944 esse
1087 889 1284 961 sensit,
1315 893 1378 945 et
1404 893 1543 945 ante
1566 880 1634 944 in
1657 887 1913 944 frontem
1938 886 2153 944 latera-

66 1048 71 1057 ·
354 1000 470 1057 que
494 982 748 1059 pugnari
772 988 1025 1059 ooeptum
1053 990 1158 1054 est,
1187 1003 1365 1060 quam
1400 984 1544 1042 satis
1577 983 1970 1041 instrueretur
1994 982 2152 1040 acies

118 1080 463 1138 “ffaut
501 1079 768 1154 expediri
796 1098 962 1137 arma
991 1079 1317 1156 stringique
1351 1080 1533 1157 gladii
1568 1086 1819 1156 possent.
1904 1080 2147 1155 Consul,

352 1174 636 1251 perculsis
672 1176 962 1247 omnibus,
990 1176 1117 1252 ipse
1151 1177 1310 1249 satis,
1339 1183 1411 1235 ut
1444 1176 1511 1233 in
1533 1196 1597 1257 re
1623 1176 1869 1253 trepida,
1898 1176 2154 1254 impavi-

351 1270 462 1328 dus
501 1271 770 1330 turbatos
810 1272 1060 1345 ordines,
1088 1279 1357 1332 vertente
1394 1292 1458 1331 se
1496 1292 1726 1350 quoque
1765 1273 1841 1331 ad
1879 1274 2153 1335 dissonos

348 1368 646 1440 clamores,
677 1369 938 1441 instruit,
969 1380 1040 1427 ut
1069 1376 1304 1446 tempus
1338 1370 1610 1446 locusque
1645 1370 1888 1446 patitur,
1917 1377 1981 1428 et
2005 1391 2154 1448 qua·

294 1510 295 1513 ¹
349 1484 584 1541 cunque
619 1465 784 1523 adire
820 1450 1129 1543 audirique
1162 1473 1373 1542 potest,
1401 1467 1749 1525 adhortatur
1777 1486 1846 1522 ao
1883 1472 2044 1525 stare
2077 1489 2151 1528 ao

299 1592 323 1619 2
346 1580 611 1637 pugnare
647 1562 850 1621 iubet:
890 1582 998 1621 nee
1035 1564 1194 1620 enim
1229 1563 1367 1622 inde
1398 1564 1555 1622 votis
1589 1569 1696 1621 aut
1728 1562 2152 1639 imploratione

346 1659 541 1730 deum,
571 1659 676 1727 sed
710 1659 776 1715 vi
814 1678 882 1717 ac
909 1659 1134 1717 virtute
1172 1658 1539 1717 evadendum
1578 1678 1734 1731 esse,·
1773 1678 1880 1734 per
1916 1661 2152 1720 medias

347 1755 502 1815 acies
554 1754 710 1813 ferro
751 1757 912 1813 viam
964 1754 1094 1812 fieri
1142 1761 1223 1827 et,
1268 1774 1387 1832 quo
1424 1756 1654 1814 timoris
1694 1754 1894 1813 minus
1932 1756 2032 1829 sit,
2077 1777 2151 1816 eo

295 1875 320 1913 3
347 1850 547 1909 minus
586 1850 770 1909 ferme
808 1851 1056 1927 periculi
1095 1870 1231 1912 esse.
1317 1852 1591 1911 Ceterum
1628 1871 1748 1928 prae
1786 1852 2050 1929 strepitu
2076 1873 2151 1912 ae

345 1947 614 2006 tumultu
659 1967 768 2005 neo
802 1948 1113 2006 consilium
1153 1967 1262 2006 nec
1306 1948 1618 2025 imperium
1662 1948 1846 2024 accipi
1886 1955 2145 2025 poterat,

343 2049 699 2121 tantumque
724 2047 943 2118 aberat,
974 2050 1047 2103 ut
1070 2064 1178 2103 sua
1203 2045 1371 2121 signa
1394 2051 1573 2123 atque
1598 2046 1830 2103 ordines
1855 2050 1920 2103 et
1945 2046 2148 2105 locum

341 2145 670 2214 noscerent,
698 2146 770 2197 ut
795 2139 906 2197 vix
930 2139 1007 2198 ad
1034 2159 1200 2198 arma
1226 2140 1507 2217 capienda
1530 2140 1901 2217 aptandaque
1923 2160 2149 2218 pugnoe

315 2243 697 2312 ,competeret
736 2236 990 2310 animus,
1020 2236 1605 2313 opprimerenturque
1635 2236 1879 2313 quidam
1907 2239 2149 2298 onerati

330 2334 526 2410 magis
553 2333 628 2391 iis
657 2353 836 2410 quam
861 2332 1023 2392 tecti.
1108 2333 1191 2389 Et
1217 2339 1346 2389 erat
1384 2332 1451 2389 in
1480 2338 1650 2390 tanta
1674 2332 1923 2408 ealigine
1948 2335 2149 2395 maior

285 2460 309 2497 4
335 2449 481 2489 usus
527 2430 763 2489 aurium
804 2448 986 2506 quam
1028 2428 1346 2486 oculorum.
1428 2426 1533 2485 Ad
1570 2428 1825 2503 gemitus
1864 2429 2150 2494 vulnera·

280 2582 287 2591 ,
335 2535 535 2585 torum
561 2526 833 2602 ictusque
858 2542 1169 2601 corporum
1204 2529 1312 2580 aut
1336 2542 1632 2581 armorum
1658 2530 1721 2581 et
1746 2525 1967 2583 mixtos
1994 2533 2149 2585 stre-

331 2623 605 2700 pentium
651 2621 1114 2698 paventiumque
1171 2620 1451 2677 clamores
1502 2621 1989 2681 circumferebant
2034 2643 2149 2685 ora

220 2748 225 2754 ·
279 2751 304 2788 5
329 2718 661 2797 oculosque.
762 2717 896 2776 Alii
953 2716 1251 2792 fugientes
1308 2715 1701 2790 pugnantium
1752 2719 1925 2794 globo
1978 2719 2147 2781 illati

326 2816 663 2890 haerebant,
649 2835 664 2850 ·
690 2814 838 2873 alios
862 2813 1177 2871 redeuntes
1203 2812 1269 2869 in
1294 2829 1550 2887 pugnam
1577 2814 1882 2872 avertebat
1906 2815 2150 2891 fugien..

276 2934 302 2973 6
325 2915 483 2973 tium
509 2931 737 2992 agmen.
783 2910 1035 2980 Deinde,
1065 2908 1217 2965 ubi*
1198 2926 1265 2963 m
1292 2925 1491 2964 omnes
1518 2914 1712 2983 partes
1738 2911 2147 2988 nequicquam

322 3012 584 3105 impetus
611 3008 790 3086 capti,
815 3012 879 3064 et
903 3006 978 3063 ab
1004 3004 1292 3063 lateribus
1317 3009 1547 3060 montes
1572 3023 1639 3061 ac
1664 3005 1840 3079 lacus,
1871 3026 1910 3064 a
1934 3008 2146 3068 fronte

321 3115 384 3167 et
409 3109 484 3166 ab
522 3113 691 3182 tergo
726 3103 991 3161 hostium
1023 3099 1175 3158 acies
1217 3097 1539 3168 claudebat,
1568 3086 1973 3178 apparuitque,
2003 3107 2148 3163 nul—

316 3205 440 3264 lam
478 3204 600 3262 nisi
642 3203 711 3259 in
751 3200 1000 3257 dextera
1047 3197 1320 3268 ferroque
1358 3192 1564 3251 salutis
1610 3214 1775 3270 spem
1815 3217 1960 3272 esse,
1995 3206 2146 3261 tum

316 3300 435 3361 sibi
453 3299 708 3377 quisque
725 3297 854 3353 dux
879 3292 1340 3364 adhortatorque
1355 3287 1543 3345 factus
1574 3289 1649 3346 ad
1666 3309 1789 3348 rem
1809 3296 2145 3369 gerendam

266 3424 290 3462 7
315 3401 379 3454 et
403 3415 560 3453 nova
586 3396 663 3452 de
690 3394 926 3466 integro
961 3393 1169 3447 0101ss
1201 3402 1401 3461 pugna
1431 3390 1536 3457 0⁸¹⁵»
1566 3404 1686 3443 ¹10¹1
1714 3387 1819 3448 illa
1850 3391 2143 3454 ordinata
