2375 3842
282 298 287 307 ·
314 277 388 337 68
1089 264 1317 333 LIVJI

312 424 638 483 Tarracone
663 421 888 480 modico
924 419 1139 494 relicto,
1172 419 1479 499 Emporias
1515 439 1649 479 cum
1685 421 1865 479 classe
1894 420 2085 479 rediit.

262 546 288 586 s
313 522 584 579 Vixdum
619 520 873 597 digresso
912 540 997 593 eo,
1027 519 1369 578 Hasdrubal
1408 519 1625 591 aderat,
1668 525 1730 578 et
1770 519 2092 596 Ilergetum

312 663 713 760 ww
752 714 1135 773 m
1161 713 2094 790 mmm

1414 756 1429 785 ²

317 814 626 871 iuventute
672 829 840 888 agros
884 809 1146 867 fidelium
1207 809 1489 867 Romanis
1539 809 1828 868 sociorum
1879 815 2089 868 vastat.

267 918 292 960 6
319 908 531 966 Excito
558 907 770 966 deinde
797 906 1068 983 Scipione
1092 905 1369 978 hibernie,
1392 911 1519 963 toto
1545 905 1627 963 cis
1654 904 1947 963 Hiberum
1972 920 2095 963 rui*

315 1023 415 1063 sus
440 1003 596 1062 cedit
621 1020 773 1079 agro.
859 1001 1053 1079 Scipio
1091 1002 1357 1059 relictam
1384 1002 1459 1058 ab
1485 1007 1721 1060 auctore
1756 1002 2096 1060 defectionis

316 1096 638 1174 Ilergetum
690 1101 923 1172 gentem
977 1113 1159 1171 quum
1202 1094 1417 1151 infesto
1462 1095 1725 1177 exercitu
1769 1094 2093 1172 invasisset,

316 1191 630 1269 compulsis
653 1191 924 1249 omnibus
949 1189 1343 1267 Atanagrum,
1365 1189 1588 1262 urbem,
1616 1209 1745 1266 quae
1772 1196 1948 1267 caput
1974 1191 2099 1249 eius

270 1318 295 1356 7
320 1288 521 1368 populi
548 1294 690 1361 erat,
721 1287 1107 1360 circumsedit,
1130 1286 1405 1363 intraque
1431 1286 1555 1344 dies
1579 1305 1808 1363 paucos,
1831 1288 2099 1365 pluribus
2185 1322 2192 1331 ·

320 1406 498 1463 quam
515 1391 652 1443 ante
672 1384 971 1443 obsidibus
987 1384 1306 1460 imperatis,
1337 1384 1620 1461 Ilergetes
1646 1387 1894 1462 pecunia
1921 1385 2102 1444 etiam

268 1493 295 1534 8
319 1482 598 1540 multatos
622 1481 689 1538 in
712 1481 805 1538 ius
831 1480 1232 1555 dicionemque
1266 1479 1501 1556 recepit.
1586 1478 1737 1538 Inde
1763 1480 1829 1538 in
1852 1481 2104 1539 Auseta-

319 1600 535 1649 butselpio
546 1599 716 1639 reduce.
756 1595 862 1633 nos
887 1594 1067 1653 prope
1093 1575 1405 1648 Hiberum,
1431 1576 1612 1634 socios
1637 1584 1699 1634 et
1725 1578 1881 1654 ipsos
1900 1577 2104 1636 Poeno-

319 1648 435 1687 them
471 1650 517 1686 to
547 1645 719 1686 submss-
1171 1674 1184 1687 .

321 1694 411 1733 non
457 1703 506 1735 μ
544 1691 634 1732 ven
671 1700 719 1728 a·
760 1688 894 1730 rum
955 1673 1234 1748 proced1t‚
1290 1678 1469 1748 atque
1534 1674 1678 1731 urbe
1740 1692 1942 1732 eorum
2006 1674 2104 1732 ob-

276 1824 279 1827 ,
320 1737 618 1825 ‘W
637 1735 722 1776 ’Μ
758 1787 931 1841 sessa,
943 1768 1249 1826 Laeetanos
1265 1769 1553 1827 auxilium
1567 1769 1836 1828 finitimis
1850 1771 2104 1831 ferentes

324 1873 513 1941 nocte,
562 1865 722 1924 haud
760 1864 964 1942 procul
1005 1864 1125 1922 iam
1162 1866 1325 1937 urbe,
1366 1884 1550 1942 quum
1599 1865 1823 1925 intrare
1863 1867 2100 1942 vellent,

273 1980 304 2022 9
326 1963 558 2040 excepit
608 1962 854 2020 insidiis.
956 1961 1119 2019 Gaesa
1169 1961 1247 2019 ad
1299 1961 1603 2021 duodecim
1655 1964 1877 2039 millia3
1938 1968 2107 2025 exuti

323 2077 504 2135 prope
543 2075 745 2115 omnes
783 2056 962 2114 armis
1001 2055 1202 2114 domos
1234 2056 1449 2132 passim
1489 2059 1757 2133 palantes
1794 2078 1900 2136 per
1938 2080 2107 2138 agros

326 2154 647 2231 diffugere3
686 2172 795 2212 nec
835 2155 1093 2213 obsessos
1128 2153 1247 2211 alia
1278 2153 1403 2211 ulla
1435 2171 1528 2210 res
1561 2173 1742 2231 quam
1774 2155 1978 2232 iniqua
2013 2176 2108 2234 op-

255 2278 306 2311 ιο
328 2252 726 2330 pugnantibus
765 2251 953 2310 hiems
992 2252 1313 2308 tutabatur.
1355 2310 1364 2321 ,
1415 2251 1683 2327 Triginta
1721 2252 1845 2311 dies
1884 2254 2109 2313 obsidio

328 2350 462 2422 fuit,
491 2369 596 2427 per
621 2368 765 2427 quos
800 2368 933 2406 raro
966 2366 1228 2426 unquam
1262 2348 1329 2405 ni
1402 2350 1597 2406 minus
1622 2355 1905 2426 quattuor
1935 2351 2114 2428 pedes

329 2448 453 2507 alta
492 2447 692 2520 iacuit,
741 2447 999 2523 adeoque
1042 2446 1274 2523 pluteos
1339 2465 1409 2504 ac
1460 2447 1664 2505 vineas
1708 2447 2110 2507 Romanorum

331 2550 655 2622 operuerat,
695 2549 766 2604 ut
804 2556 873 2602 e'a
910 2543 1050 2617 sola,
1093 2543 1328 2619 ignibus
1373 2544 1681 2621 aliquoties
1723 2545 1998 2605 coniectis
2035 2547 2112 2605 ab

258 2666 307 2697 n
333 2643 517 2716 hoste,
574 2643 754 2700 etiam
820 2646 1220 2699 tutamentum
1272 2641 1468 2699 fuerit.
1578 2642 1879 2701 Postremo
1931 2662 2111 2720 quum

210 2747 219 2753 ’
334 2736 653 2796 Amusicus
679 2735 948 2812 princeps
976 2754 1173 2792 eorum
1193 2736 1266 2793 ad
1288 2735 1722 2795 Hasdrubalem
1747 2737 2111 2815 profugisset,

333 2831 552 2910 viginti
588 2830 819 2907 argenti
858 2830 1105 2888 talentis
1139 2831 1297 2907 pacti
1337 2830 1647 2890 deduntur.
1732 2832 2117 2892 Tarraconem

336 2927 403 2984 in
428 2926 673 2984 hiberna
698 2925 953 2982 reditum
979 2931 1084 2982 est.

234 3020 312 3081 62
458 3022 662 3081 Romae
704 3028 811 3079 aut
851 3021 1004 3078 circa
1047 3020 1255 3077 urbem
1294 3021 1484 3079 multa
1521 3040 1590 3079 ea
1628 3021 1821 3082 hieme
1857 3024 2121 3101 prodigia

339 3142 739 3235 ssffl⁰ssgffi¹ii
777 3118 931 3175 facta
955 3123 1077 3190 aut,
1107 3117 1266 3193 quod
1293 3118 1526 3177 evenire
1558 3118 1705 3178 solet
1736 3122 1912 3179 motis
1944 3121 2122 3180 semel

339 3233 552 3318 331:er
556 3242 739 3318 am
777 3234 844 3272 ιιι
907 3213 1247 3290 religionem
1314 3215 1542 3284 animis,
1598 3216 1788 3275 multa
1849 3217 2126 3276 nuntiata

291 3340 319 3370 2
343 3323 569 3372 ·omnny.
778 3315 843 3369 et
893 3316 1114 3368 temere
1176 3308 1399 3368 credita
1452 3316 1605 3383 sunt,
1650 3312 1717 3369 in
1768 3314 1919 3390 quis,
1967 3313 2124 3391 inge-

342 3420 532 3463 nuum
590 3405 879 3465 infantem
938 3411 1276 3464 semestrem
1338 3406 1405 3463 in
1459 3407 1585 3465 soro
1642 3408 1876 3468 olitorio
1921 3410 2127 3469 trium—
