2375 3842
946 201 1202 261 LIBER
1241 170 1471 280 ζΧί
2009 203 2084 263 13

288 348 698 424 ·eircumdant;
736 355 800 408 et
839 347 1154 426 Saguntini
1188 367 1424 407 murum
1463 347 1802 407 interiorem
1833 348 1910 407 ab
1943 366 2087 407 non·

289 446 439 504 dum
479 453 651 522 capta
687 451 856 522 parte
895 446 1057 504 urbis
1092 445 1335 504 ducunt.
1420 444 1724 522 Utrinque
1759 463 1989 502 summa
2021 444 2085 502 vi
2113 469 2157 498 n

291 548 363 601 et
406 542 687 600 muniunt
732 547 794 600 et
833 548 1137 619 pugnant3
1176 541 1279 600 sed
1319 541 1602 600 interiora
1638 541 1860 601 tuendo
1903 541 2085 599 mino-

289 658 421 697 rem
460 638 527 696 in
565 638 689 698 dies
728 639 933 697 urbem
974 638 1292 715 Saguntini
1329 639 1570 698 faciunt.
1654 638 1845 698 Simul
1878 639 2085 697 crescit
2111 669 2160 701 ιι

294 735 499 813 inopia
541 736 802 793 omnium
848 737 1024 813 longa
1065 736 1368 795 obsidione
1409 742 1474 795 et
1519 736 1810 795 minuitur
1854 755 2087 814 exspec-

296 833 445 891 tatio
484 839 742 891 externae
783 835 924 909 opis,
965 852 1150 910 quum
1189 840 1316 891 tam
1355 833 1558 911 procul
1597 833 1867 906 Romani,
1911 833 2086 893 unica

292 948 443 1006 spes,
488 929 640 987 circa
679 930 876 988 omnia
913 929 1172 988 hostium
1214 936 1423 989 essent.
1524 929 1834 1007 Paulisper
1884 936 2085 988 tamen
2111 956 2160 994 ις

284 1027 535 1085 affectos
573 1026 801 1086 animos
839 1027 1129 1086 recreavit
1173 1027 1481 1105 repentina
1532 1028 1814 1104 profectio
1853 1027 2086 1086 Hanni-

293 1125 448 1182 balis
473 1124 539 1182 in
570 1124 857 1183 Oretanos
885 1124 1375 1201 Carpetanosque,
1396 1125 1500 1200 qui
1526 1125 1644 1183 duo
1681 1147 1838 1195 though
1872 1132 2106 1203 manuni!

292 1221 512 1297 populi,
543 1220 790 1280 dilectus
815 1222 1133 1279 acerbitate
1160 1221 1531 1293 consternati,
1561 1241 1646 1279 re-
1685 1194 1740 1287 i>⁸y
1762 1193 2085 1278 fflissfneniss'·

294 1318 478 1375 tentis
501 1317 1010 1394 conquisitoribus,
1049 1323 1273 1374 metum
1304 1316 1646 1376 defectionis
1684 1286 1894 1371 §.i-imm
1908 1285 2085 1334 smum*

294 1433 479 1491 quum
514 1415 913 1492 praebuissent,
953 1414 1213 1491 oppressi
1238 1414 1534 1473 celeritate
1561 1414 1919 1473 Hannibalis
1941 1416 2085 1474 omi·

290 1518 498 1569 serunt
537 1517 700 1570 mota
738 1500 947 1617 armm]
1000 1511 1130 1569 Nec
1170 1511 1421 1587 Sagunti
1460 1512 1819 1589 oppugnatio
1852 1513 2085 1588 segnior
2112 1512 2187 1570 12

295 1612 451 1678 erat,
468 1608 813 1667 Maharbale
839 1608 1197 1667 Himilconis
1224 1609 1347 1667 filio
1375 1608 1534 1688 (eum
1555 1610 1891 1687 praefecerat
1916 1609 2084 1667 Han-

292 1704 476 1784 nibal)
522 1705 610 1763 ita
654 1705 903 1783 impigre
947 1725 1073 1764 rem
1117 1713 1346 1783 agente,
1387 1713 1458 1764 ut
1497 1706 1704 1764 ducem
1740 1708 1940 1765 abesse
1973 1726 2081 1765 nec

288 1801 450 1860 cives
491 1820 599 1861 nec
644 1803 842 1862 hostes
882 1804 1184 1864 sentirent.
1271 1803 1336 1862 Is
1379 1810 1441 1861 et
1487 1803 1693 1880 proelia
1731 1803 1958 1881 aliquot
1999 1819 2083 1861 se-
2106 1831 2131 1858 2

290 1900 487 1957 cunda
525 1900 664 1958 fecit
702 1906 765 1959 et
803 1901 997 1959 tribus
1035 1900 1320 1959 arietibus
1358 1901 1726 1977 aliquantum
1767 1901 1926 1959 muri
1970 1901 2082 1963 dis-

292 1997 494 2068 cussit,
540 2004 839 2075 strataque
880 1998 1079 2055 omnia
1124 1998 1458 2056 recentibus
1502 1997 1694 2056 ruinis
1740 1997 2081 2057 advenienti

294 2090 626 2150 Hannibali
650 2094 926 2152 ostendit.
1010 2094 1224 2171 Itaque
1249 2094 1324 2152 ad
1351 2095 1538 2171 ipsam
1564 2114 1756 2152 arcem
1782 2115 1856 2153 ex
1864 2094 2079 2172 templo
2106 2116 2131 2155 ³

288 2184 506 2247 ductus
555 2191 863 2263 exercitus,
911 2197 1201 2267 atroxque
1252 2191 1524 2268 proelium
1571 2211 1704 2249 cum
1760 2192 2081 2251 multorum

295 2286 577 2362 utrinque
602 2288 759 2345 caede
784 2288 1002 2346 initum
1029 2295 1092 2346 et
1117 2307 1252 2366 pars
1278 2288 1427 2346 arcis
1454 2293 1625 2365 capta
1649 2295 1755 2346 est.

413 2382 664 2441 Tentata
715 2384 926 2442 deinde
977 2404 1083 2462 per
1128 2385 1276 2442 duos
1329 2390 1421 2442 est
1465 2384 1679 2460 exigua
1724 2385 1882 2462 pacis
1928 2403 2075 2462 spes,
2104 2421 2130 2459 4

293 2480 585 2538 Alconem
626 2478 1022 2557 Saguntinum
1062 2489 1125 2540 et
1170 2482 1457 2539 Alorcum
1501 2480 1642 2538 His-
1679 2520 1787 2558 Δια,
1876 2519 2081 2569 pumex,

288 2594 527 2652 panum.
578 2576 732 2634 Alco
751 2577 952 2635 insciis
973 2576 1333 2653 Saguntinis,
1353 2575 1639 2654 precibus,
1680 2568 1809 2606 “⁶⁸‘'
1830 2565 1895 2605 ‘⁰'
1917 2577 2052 2615 W

291 2672 517 2749 aliquid
565 2679 866 2731 moturum
900 2680 1082 2747 ratus,
1116 2693 1300 2751 quum
1340 2673 1416 2731 ad
1455 2671 1855 2731 Hannibalem
1900 2676 2080 2730 noctu

291 2769 611 2843 transisset,
641 2777 951 2847 postquam
981 2771 1133 2828 nihil
1169 2770 1424 2829 lacrimae
1449 2789 1642 2828 move-
1680 2789 1757 2829 bue
1793 2789 1829 2829 ιι
1864 2789 1997 2829 arram
2032 2792 2079 2829 ω

291 2867 438 2925 bant
480 2868 960 2944 condicionesque
1005 2869 1207 2927 tristes
1253 2875 1325 2926 ut
1366 2869 1440 2926 ab
1483 2854 1636 2925 irato
1678 2837 2080 2928 amterm-

289 2963 514 3023 victore
552 2966 906 3037 ferebantur,
948 2965 1256 3041 transfuga
1293 2985 1370 3023 ex
1409 2971 1639 3022 oratore
1677 2963 1868 3020 factus
1918 2962 2079 3039 apud

289 3061 518 3120 hostem
572 3063 810 3136 mansit,
865 3063 1220 3136 moriturum
1266 3062 1577 3133 affirmans,
1626 3060 1733 3136 qui
1784 3060 1893 3116 sub
1949 3078 2079 3118 con-

288 3157 617 3218 dicionibus
655 3159 730 3217 iis
756 3160 843 3217 de
881 3177 1022 3236 pace
1068 3142 1280 3236 ageret.
1385 3156 1809 3216 Postulabatur
1858 3160 2075 3229 autem,
2104 3185 2129 3225 ς

288 3255 600 3316 redderent
634 3276 729 3315 res
765 3257 1132 3329 Turdetanis,
1164 3256 1497 3332 traditoque
1532 3253 1695 3312 omni
1731 3272 1874 3310 auro
1899 3258 2079 3329 atque

274 3361 532 3430 argento
567 3354 782 3433 egressi
810 3354 953 3412 urbe
970 3373 1113 3415 *cum
1141 3352 1388 3430 singulis
1412 3351 1781 3411 vestimentis
1808 3350 1892 3407 ibi
1918 3348 2081 3407 habi·
2195 3425 2205 3434 ·
