2375 3842
926 195 1185 255 LIBER
1237 195 1416 255 XXI.
2017 200 2053 258 7

266 344 538 403 Africam
571 343 911 402 traiicerent
936 364 1005 403 ac
1030 343 1319 403 sociorum
1351 344 1554 421 populi
1586 343 1844 405 Romani
1869 346 2057 422 queri-

265 442 496 500 monias
542 440 851 513 deferrent,
894 439 1006 498 hac
1045 440 1337 518 legatione
1386 441 1620 499 decreta
1656 456 1734 497 but
1748 457 1887 498 beron
1896 458 2057 498 mh..-
2084 453 2108 493 s

266 537 521 596 necdum
562 538 755 610 missa,
791 538 1055 595 omnium
1095 557 1199 614 spe
1234 537 1479 597 celerius
1519 539 1619 598 Sa-
1656 504 2057 590 &vegam

267 638 523 709 guntum
549 631 877 710 oppugnari
901 632 1147 690 allatum
1174 639 1279 691 est.
1344 633 1509 692 Tunc
1534 653 1621 693 re-
1657 597 1976 682 ῗέοἳῗρῐῗῗωιὲο
1997 597 2058 637 ⁸¹⁶
2084 650 2110 690 ⁶

269 732 392 788 lata
418 729 492 787 de
516 729 746 806 integro
774 748 869 786 res
895 728 971 786 ad
997 736 1305 804 senatum3
1346 736 1408 788 et
1433 730 1539 788 alii
1572 731 1904 808 provincias
1930 752 2060 792 con-

269 826 498 884 sulibus
540 826 898 901 Hispaniam
938 832 1117 902 atque
1160 825 1432 885 Africam
1479 827 1858 888 decernentes
1901 836 2064 889 terra

268 923 535 999 marique
568 942 693 981 rem
727 922 1040 998 gerendam
1082 923 1417 997 censebant,
1443 924 1547 982 alii
1583 931 1780 983 totum
1816 925 1884 984 in
1920 925 2062 985 His·

268 1020 509 1097 paniam
553 1018 1072 1095 Hannibalemque
1117 1019 1508 1080 intendebant
1553 1022 1815 1095 bellum;
1870 1030 2056 1096 erant,
2084 1049 2109 1085 τ

269 1116 375 1193 qui
401 1135 522 1174 non
559 1121 780 1173 temere
811 1115 1160 1174 movendam
1197 1136 1321 1174 rem
1357 1124 1587 1175 tantam
1623 1120 2063 1195 exspectandos-

269 1231 385 1289 que
429 1232 506 1270 ex
548 1213 846 1289 Hispania
886 1212 1109 1289 legatos
1152 1220 1470 1272 censerent.
1555 1214 1704 1272 Haec
1746 1217 2056 1288 sententia,
2084 1233 2108 1270 s

270 1329 401 1386 quae
441 1309 738 1367 tutissima
772 1309 1102 1381 videbatur,
1130 1309 1292 1382 vicit,
1327 1309 1623 1386 legatique
1661 1330 1730 1368 eo
1769 1313 2059 1370 maturius

269 1406 453 1479 missi,
493 1406 562 1467 P.
591 1406 871 1464 Valerius
916 1406 1160 1464 Flaccus
1207 1411 1270 1464 et
1313 1404 1381 1476 Q.
1424 1406 1658 1464 Baebius
1697 1407 2055 1485 Tamphilus,

271 1502 604 1579 Saguntum
642 1502 718 1560 ad
744 1502 1147 1560 Hannibalem
1177 1507 1356 1579 atque
1382 1502 1520 1560 inde
1548 1503 1979 1580 Carthaginem,
2009 1506 2063 1564 si

269 1618 396 1657 non
437 1598 821 1658 absisteretur
873 1599 1043 1672 bello,
1088 1598 1165 1657 ad
1218 1598 1427 1657 ducem
1478 1599 1675 1678 ipsum
1722 1601 1789 1659 in
1830 1621 2062 1678 poenam

270 1695 512 1754 foederis
538 1696 705 1773 rupti
731 1696 1173 1772 deposcendum.

393 1792 557 1875 Dum
585 1812 655 1850 ea
674 1787 933 1849 Romani
957 1799 1169 1869 parant
1196 1793 1663 1871 consultantque‚
1694 1794 1814 1852 iam
1842 1795 2063 1873 Sagun·
2089 1798 2125 1857 7

271 1896 402 1947 tum
426 1908 658 1947 summa
683 1889 748 1946 vi
774 1889 1237 1965 oppugnabatur.
1299 1891 1526 1948 Civitas
1553 1910 1622 1948 ea
1660 1937 1732 1977 tho
1770 1936 1876 1984 dm
1910 1935 1957 1975 0,
1991 1937 2063 1975 Β..
2089 1924 2113 1951 2

273 1986 444 2063 longe
479 1985 924 2062 opulentissima
961 1985 1123 2043 ultra
1148 1986 1447 2044 Hiberum
1477 1986 1618 2057 fuit,
1658 1986 1838 2031 guntum
1854 1983 1889 2022 ‘⁸
1906 1983 2041 2031 begua

274 2084 392 2142 sita
424 2103 629 2161 passus
662 2084 827 2141 mille
860 2083 1046 2141 ferme
1079 2103 1116 2141 a
1149 2084 1315 2144 mari.
1403 2084 1657 2143 Oriundi
1690 2103 1728 2142 a
1760 2082 2063 2159 Zacyntho

273 2181 469 2239 insuia
494 2181 790 2252 dicuntur,
822 2181 1117 2257 mixtique
1143 2182 1321 2238 etiam
1357 2182 1432 2238 ab
1471 2181 1677 2238 Ardea
1702 2180 2064 2238 Rutulorum

274 2278 516 2353 quidam
567 2276 839 2352 generis,
894 2283 1156 2335 ceterum
1198 2278 1264 2334 in
1309 2283 1509 2334 tantas
1551 2276 1720 2335 brevi
1760 2282 2065 2334 creverant
2089 2298 2113 2335 ³

274 2393 412 2451 opes
440 2392 544 2430 seu
570 2373 885 2431 maritimis
917 2392 1022 2432 seu
1059 2374 1436 2431 terrestribus
1467 2372 1761 2430 fiuctibus
1787 2392 1890 2429 seu
1917 2372 2064 2429 mui-

273 2469 553 2528 titudinis
611 2469 973 2528 incremento
1025 2488 1130 2528 seu
1183 2470 1507 2547 disciplinae
1561 2469 1890 2541 sanctitate,
1948 2487 2066 2544 qua

273 2568 451 2624 fidem
494 2566 764 2625 socialem
804 2586 990 2643 usque
1035 2567 1113 2623 ad
1155 2566 1476 2644 perniciem
1523 2585 1691 2624 suam
1738 2566 2058 2625 coluerunt.

274 2664 584 2722 Hannibal
622 2663 841 2722 infesto
877 2663 1142 2722 exercitu
1180 2664 1477 2741 ingressus
1516 2664 1679 2736 fines,
1717 2663 2064 2741 pervastatis
2089 2683 2111 2719 4

273 2761 490 2839 passim
532 2761 704 2837 agria
749 2761 956 2818 urbem
1007 2759 1306 2837 tripertito
1352 2761 1704 2837 aggreditur.
1786 2759 2065 2835 Angulus
2090 2778 2113 2814 s

273 2858 432 2916 muri
469 2865 597 2916 erat
632 2859 698 2915 in
728 2858 1055 2935 planiorem
1094 2858 1617 2935 patentioremque,
1655 2877 1831 2934 quam
1872 2863 2064 2914 cetera

273 2957 440 3027 circa,
471 2956 685 3013 vallem
713 2974 998 3030 vergens,
1044 2956 1325 3012 adversus
1364 2973 1502 3012 eum
1527 2954 1728 3012 vineas
1768 2972 1939 3029 agere
1978 2953 2064 3009 in-

273 3052 488 3124 stituit,
514 3072 620 3129 per
646 3071 791 3128 quas
818 3052 970 3108 aries
1004 3052 1294 3110 moenibus
1327 3051 1624 3109 admoveri
1652 3056 1861 3127 posset.
1949 3048 2064 3106 Sed
2088 3069 2114 3106 ο

274 3156 346 3207 ut
380 3149 541 3208 locus
580 3148 784 3226 procul
824 3168 993 3205 muro
1025 3148 1170 3205 satis
1207 3167 1408 3224 aequus
1434 3147 1674 3223 agendis
1702 3145 1891 3203 vineis
1926 3146 2058 3219 fuit,

273 3248 362 3304 ita
424 3246 880 3323 haudquaquam
944 3264 1236 3321 prospere,
1293 3250 1606 3321 postquam
1661 3243 1737 3299 ad
1793 3243 2062 3300 effectum

273 3344 466 3420 operis
505 3349 749 3402 ventum
790 3349 894 3416 est,
938 3342 1142 3419 coeptis
1186 3341 1543 3403 succedebat.
1630 3339 1711 3396 Et
1758 3339 1937 3397 turris
1978 3339 2062 3396 in-
2088 3367 2111 3406 7
