2375 3842
335 202 449 263 130
1005 199 1010 204 “
1112 199 1211 261 LI
1213 199 1341 264 VII

273 368 306 407 ς
329 344 653 403 tumultum
687 337 966 403 fecerunt.
1053 344 1251 415 Quum
1287 344 1429 404 alibi
1464 350 1655 404 terror
1688 365 1755 404 ac
1788 345 1944 422 fuga,
1973 345 2116 404 alibi

329 441 603 517 pertinax
639 441 706 500 in
739 442 896 508 mala
933 442 1053 502 iam
1092 462 1195 520 spe
1234 442 1505 519 proelium
1546 447 1714 516 esset,
1753 443 2110 518 Hasdrubal,

212 551 213 556 ’
329 536 432 614 qui
457 558 527 596 ea
550 544 719 615 parte
732 542 997 616 praeerat,
1019 538 1335 597 subductos
1355 558 1430 597 ex
1448 539 1642 597 media
1659 539 1782 598 acie
1800 539 2111 615 Numidas,

328 634 468 713 quia
508 634 700 710 segnis
744 641 945 694 eorum
983 653 1118 693 cum
1157 634 1416 694 adversis
1453 654 1653 712 pugna
1690 642 1834 711 erat,
1873 636 1949 694 ad
1987 656 2114 714 per-

277 744 302 783 6
327 730 648 807 sequendos
682 729 899 807 passim
932 729 1223 807 fugientes
1257 731 1463 805 mittit,
1494 731 1795 809 Hispanos
1821 738 1884 790 et
1911 732 2113 792 Gallos

318 826 550 903 'equites
573 825 746 885 Afris
770 846 951 907 prope
974 827 1094 885 iam
1119 827 1290 886 fessis
1316 828 1468 887 caede
1499 829 1684 907 magis
1709 849 1884 908 quam
1910 850 2110 908 pugna

326 922 610 1000 adiungit.

218 1016 295 1074 49
386 1045 395 1053 ·
442 1020 622 1079 Parte
648 1021 841 1080 altera
858 1041 1067 1099 pugnae
1084 1021 1324 1096 Paulus,
1342 1043 1675 1102 quanquam
1692 1024 1881 1103 primo
1906 1026 2107 1086 statim

272 1156 295 1182 ε
320 1139 719 1226 sssssswdoeaessff‘fflg
757 1120 961 1196 proelio
986 1120 1171 1178 funda
1201 1120 1461 1197 graviter
1490 1120 1644 1180 ictus
1669 1122 1875 1196 fuerat,
1905 1128 2106 1182 tamen

319 1233 405 1272 1002
415 1233 459 1271 of
467 1232 719 1272 Paulusne
759 1223 821 1275 et
847 1216 1099 1275 occurrit
1124 1237 1275 1295 saepe
1306 1236 1440 1277 cum
1472 1218 1748 1277 confertis
1775 1219 2106 1278 Hannibali
2229 1278 2235 1283 ,

318 1278 463 1373 ἓιῗέἶ
521 1279 580 1318 ⁸¹¹
647 1280 719 1318 ω
759 1323 820 1371 et
850 1312 1076 1390 aliquot
1111 1312 1254 1372 locis
1292 1314 1566 1392 proelium
1602 1315 1879 1388 restituit,
1916 1322 2106 1394 prote-

270 1435 294 1471 3
317 1410 592 1490 gentibus
634 1428 769 1467 eum
815 1408 1111 1486 equitibus
1162 1400 1470 1484 Romanis,
1522 1411 1748 1470 omisffls
1813 1418 2105 1489 postremo

317 1505 500 1583 equis,
528 1506 668 1583 quia
693 1505 985 1564 consulem
1012 1511 1074 1563 et
1097 1506 1173 1564 ad
1199 1507 1518 1583 regendum
1546 1527 1761 1585 equum
1785 1508 1941 1567 vires
1967 1508 2105 1567 defi-

316 1602 560 1661 ciebant.
644 1602 797 1661 'l'um
835 1602 1206 1661 renuntianti
1243 1597 1491 1675 cuidam,
1534 1604 1769 1663 iussisse
1807 1606 2103 1664 consulem

316 1699 394 1756 ad
430 1699 606 1776 pedes
646 1698 989 1757 descendere
1028 1699 1273 1776 equites,
1317 1699 1535 1758 dixisse
1577 1699 1979 1759 Hannibalem
2022 1703 2103 1761 fe·

267 1822 290 1858 4
315 1799 492 1854 runt:
538 1797 574 1830 “
590 1792 783 1863 Quam
818 1792 1071 1866 mallem,
1099 1792 1330 1853 vinctos
1355 1793 1505 1852 mihi
1528 1793 1838 1866 traderet.”
1921 1794 2102 1872 Equi-

313 1897 444 1950 tum
470 1891 738 1968 pedestre
771 1889 1058 1968 proelium,
1089 1890 1263 1969 quale
1297 1891 1417 1969 iam
1455 1890 1615 1949 haud
1640 1891 1819 1949 dubia
1840 1891 2102 1951 hostium

312 1987 576 2062 victoria,
595 1986 730 2061 fuit,
751 2000 935 2066 q‘uum
955 1987 1103 2046 victi
1127 1988 1279 2046 mori
1303 1989 1370 2047 in
1388 1989 1633 2065 vestigio
1652 1988 1897 2049 mallent
1922 2009 2099 2067 quam

313 2085 528 2162 fugere,
550 2084 803 2146 victores
828 2084 1196 2143 morantibus
1223 2085 1527 2145 victoriam
1552 2084 1693 2143 irati
1716 2085 2096 2158 trucidarent,

265 2207 289 2243 s
315 2201 459 2259 quos
504 2181 721 2259 pellere
761 2200 883 2239 non
928 2187 1218 2258 poterant.
1324 2181 1692 2259 Pepulerunt
1736 2188 1938 2240 tamen
1979 2182 2099 2240 iam

311 2299 526 2358 paucos
553 2285 896 2357 superantes
924 2286 987 2339 et
1012 2279 1213 2338 labore
1239 2298 1308 2337 ac
1326 2279 1670 2339 vulneribus
1695 2280 1885 2340 fessos.
1948 2279 2101 2338 Inde

310 2377 580 2455 dissipati
604 2396 806 2436 omnes
832 2381 987 2449 sunt,
1020 2395 1312 2455 equosque
1338 2376 1413 2433 ad
1440 2376 1658 2453 fugam,
1679 2376 1784 2453 qui
1807 2382 2098 2453 poterant,

261 2489 286 2527 6
310 2476 667 2553 repetebant.
774 2474 880 2534 On.
933 2473 1225 2531 Lentulus
1279 2473 1555 2532 tribunus
1600 2473 1860 2532 militum
1914 2492 2099 2550 quum
2223 2463 2232 2470 “

308 2570 740 2648 praetervehens
772 2589 922 2647 equo
956 2569 1258 2629 sedentem
1283 2569 1352 2629 in
1381 2589 1524 2629 saxo
1559 2589 1765 2629 cruore
1799 2570 2099 2647 oppletum

259 2686 285 2725 7
310 2667 604 2726 consulem
628 2667 890 2741 vidisset,
924 2666 1042 2725 “L.
1073 2666 1338 2724 AEmili”
1384 2667 1597 2744 inquit,
1643 2669 1869 2744 “quem
1910 2685 2100 2724 unum

308 2763 602 2822 insontem
642 2763 827 2840 culpae
863 2763 1045 2821 cladis
1079 2762 1376 2820 hodiernae
1412 2763 1508 2821 dei
1541 2763 1825 2840 respicere
1863 2762 2097 2837 debent,

309 2880 449 2939 cape
474 2860 633 2919 hunc
669 2879 904 2938 equum,
934 2860 1075 2917 dum
1100 2864 1164 2917 et
1187 2858 1305 2917 tibi
1328 2859 1549 2918 virium
1573 2859 1800 2937 aliquid
1836 2863 2101 2936 superest

256 2982 282 3021 s
308 2967 360 3018 et
385 2977 576 3016 comes
601 2975 710 3034 ego
736 2963 798 3014 te
821 2955 1028 3014 tollere
1053 2974 1291 3033 possum
1317 2974 1387 3014 ac
1410 2962 1725 3033 protegere.
1785 2955 1885 3014 Ne
1908 2955 2102 3013 funes-

308 3061 434 3112 tam
470 3054 624 3112 hanc
658 3071 917 3130 pugnam
955 3057 1145 3109 morte
1180 3051 1433 3110 consulis
1469 3052 1710 3127 feceris3
1754 3052 1934 3111 etiam
1972 3051 2101 3110 sine

257 3175 281 3213 9
308 3151 419 3208 hoc
436 3150 812 3208 lacrimarum
830 3147 974 3207 satis
988 3148 1299 3226 luctusque
1317 3149 1460 3207 est.’'
1496 3149 1603 3206 Ad
1621 3170 1689 3208 ea
1703 3149 1932 3207 consul:
1965 3147 2102 3205 “Tu

309 3246 563 3325 quidem,
608 3245 715 3306 On.
767 3244 1020 3317 Corneli,
1068 3251 1259 3304 macte
1303 3245 1528 3303 virtute
1569 3252 1733 3320 est03
1788 3245 1893 3304 sed
1938 3263 2098 3317 cave,

309 3344 528 3402 frustra
552 3341 882 3401 miserando
907 3340 1184 3420 exiguum
1212 3347 1446 3419 tempus
1471 3362 1504 3403 e
1534 3341 1806 3401 manibus
1838 3340 2104 3401 hostium*
