2375 3842
202 19 1017 334 N&
1033 195 1147 280 mi
1197 213 1458 280 XXII.
1601 169 1666 208 ⁹
1939 217 2053 279 129

259 387 467 446 parum
493 366 774 442 validum,
801 386 841 426 a
864 386 928 426 oe
1082 366 1513 445 prominentem
1512 229 1744 441 (lm,
1771 364 2054 444 Impulsis
2080 380 2124 424 ⁶.

260 465 471 524 deinde
490 484 558 522 ac
575 463 801 542 trepide
826 463 1218 522 referentibus
1232 464 1438 541 wdem
1464 462 1731 521 institere
1757 482 1827 521 ac
1853 468 2055 520 tenore

258 581 380 628 uno
406 581 513 639 per
546 580 799 638 praeceps
834 579 1049 636 pavore
1086 558 1442 637 fugientium
1477 578 1684 637 agmen
1709 558 1778 617 in
1801 558 2054 618 mediam

259 658 514 734 primum
541 657 723 716 aciem
750 656 920 729 illati,
949 661 1244 733 postremo
1283 656 1451 714 nullo
1488 656 1796 715 resistente
1821 656 1896 715 ad
1924 657 2055 715 sub-

261 754 411 811 sidia
441 752 722 811 Afrorum
758 758 1170 830 pervenerunt,
1200 751 1308 829 qui
1343 751 1624 830 utrinque
1654 752 1910 811 reductis
1945 752 2054 811 alis
2078 768 2102 807 ⁷

259 848 661 921 constiterant,
701 847 916 922 media,
957 867 1077 925 qua
1117 847 1279 907 Galli
1327 847 1703 927 Hispanique
1747 853 2050 923 steterant,

261 945 629 1021 aliquantum
673 939 1042 1022 prominente
1085 944 1226 1004 acie.
1312 944 1432 1015 Qui
1477 964 1697 1004 011110113
1733 951 1806 1003 ut
1850 944 2052 1022 pulsus
2078 955 2103 995 8

261 1043 519 1120 aequavit
557 1041 811 1099 frontem
856 1041 1127 1117 primum,
1164 1040 1299 1098 dein
1341 1040 1596 1099 cedendo
1635 1040 1815 1099 etiam
1855 1040 2049 1099 sinum

262 1140 327 1201 in
353 1139 545 1197 medio
571 1137 751 1209 dedit,
783 1136 923 1195 Afri
948 1138 1100 1196 circa
1124 1138 1245 1196 iam
1273 1126 1491 1195 cornua
1520 1137 1796 1210 fecerant,
1826 1137 2050 1196 irruen-

260 1238 535 1313 tibusque
576 1234 814 1293 incaute
856 1234 924 1292 111
976 1233 1237 1292 medium
1292 1233 1577 1293 Romanis
1623 1234 2052 1294 circumdedere

261 1333 421 1406 alas;
475 1350 615 1390 mox
662 1350 881 1389 cornua
924 1331 1296 1389 extendendo
1348 1331 1608 1389 clausere
1659 1338 1721 1390 et
1767 1334 1843 1390 ab
1885 1338 2051 1410 tergo

259 1425 468 1485 hostes.
571 1426 735 1485 Hinc
779 1426 1055 1503 Romani,
1101 1426 1368 1486 defuncti
1413 1426 1800 1503 nequicquam
1847 1426 2050 1503 proelio
2075 1455 2103 1494 9

260 1541 398 1594 uno,
441 1521 669 1580 omissis
711 1521 900 1581 Gallis
945 1522 1365 1601 Hispanisque,
1411 1541 1660 1601 quorum
1700 1528 1867 1600 terga
1911 1522 2051 1580 ceci·

260 1620 484 1691 derant,
514 1617 790 1677 adversus
825 1618 1010 1678 Afros
1048 1620 1342 1696 integram
1381 1638 1637 1696 pugnam
1671 1618 1900 1688 ineunt,
1927 1638 2045 1678 non
2080 1643 2128 1669 1ο

258 1722 496 1773 tantum
520 1734 590 1773 00
614 1714 897 1791 iniquam,
926 1716 1082 1792 quod
1108 1716 1323 1774 inclusi
1348 1716 1627 1775 adversus
1652 1715 2047 1790 circumfusos,

259 1809 360 1871 sed
399 1811 573 1869 etiam
617 1812 773 1890 quod
811 1813 949 1872 fessi
995 1832 1128 1872 cum
1167 1814 1499 1874 recentibus
1537 1834 1605 1913 ae
1643 1815 1869 1893 vegetis
1908 1834 2050 1893 pug-

257 1909 499 1967 nabant.
1229 1955 1270 1980 s,
1341 1975 1346 1990 1
1383 1941 1390 1952 ‚

377 2002 510 2060 Iam
541 2008 602 2062 et
626 2003 865 2063 sinistro
890 1885 1375 2079 cornussmano,
1393 2007 1497 2064 ubi
1519 2006 1803 2066 sociorum
1820 2007 2048 2085 equites
2073 1996 2149 2055 43

198 2101 203 2108 ’
256 2098 533 2158 adversus
559 2100 852 2159 Numidas
893 2108 1203 2175 steterant,
1231 2111 1561 2162 consertum
1593 2105 1864 2181 proelium
1900 2110 2043 2178 erat,

255 2217 430 2275 segne
469 2198 660 2275 primo
697 2206 760 2257 et
793 2219 831 2257 a
856 2198 1084 2258 Punica
1123 2206 1379 2279 coeptum
1412 2201 1634 2264 fraude.
1721 2201 2046 2279 Quingenti
2071 2222 2095 2250 ε

254 2299 436 2358 ferme
462 2299 757 2373 Numidae,
784 2308 996 2378 praeter
1030 2301 1205 2361 solita
1238 2321 1403 2359 arma
1430 2301 1665 2378 telaque
1706 2301 1931 2379 gladios
1956 2320 2043 2359 00-

252 2395 443 2454 cultos
469 2395 580 2453 sub
608 2396 803 2455 loricis
834 2397 1130 2470 habentes,
1160 2397 1352 2475 specie
1387 2397 1824 2473 transfugarum
1859 2415 2041 2473 quum

253 2491 329 2549 ab
369 2492 492 2548 suis
523 2510 754 2568 parmas
790 2501 925 2571 post
962 2502 1127 2571 terga
1162 2494 1443 2551 habentes
1483 2477 1932 2570 adequitassent,
1957 2511 2043 2551 re-
2067 2513 2091 2551 ³

250 2595 428 2665 pente
476 2608 551 2647 ex
595 2590 760 2666 equis
808 2591 1103 2664 desiliunt,
1149 2591 1485 2670 parmisque
1537 2597 1600 2650 et
1643 2591 1850 2650 iaculis
1902 2598 2041 2651 ante

249 2684 424 2760 pedes
450 2684 706 2743 hostium
743 2686 1030 2765 proiectis,
1061 2689 1127 2745 in
1161 2687 1415 2746 mediam
1451 2689 1632 2747 aciem
1659 2690 1882 2767 accepti
1907 2690 2042 2749 duc-

248 2782 413 2860 tique
437 2783 513 2841 ad
538 2783 779 2842 ultimos
805 2784 1100 2842 considere
1126 2785 1203 2841 ab
1228 2792 1393 2862 tergo
1418 2785 1713 2846 iubentur.
1773 2787 1870 2846 Ac
1896 2788 2037 2845 dum

246 2878 518 2954 proelium
557 2879 632 2937 ab
668 2878 831 2936 omni
865 2884 1032 2955 parte
1068 2880 1414 2955 conseritur,
1444 2883 1632 2959 quieti
1657 2888 2036 2955 manserunt3

244 2980 554 3052 postquam
590 2974 854 3033 omnium
888 2975 1113 3033 animos
1148 2976 1459 3054 oculosque
1499 2983 1884 3054 occupaverat
1920 2997 2036 3035 cer·
2059 3006 2085 3043 ⁴

242 3077 459 3142 tamen,
489 3077 619 3130 tum
659 3070 910 3148 arreptis
950 3071 1149 3145 scutis,
1180 3092 1310 3149 quae
1349 3074 1567 3150 passim
1601 3074 1760 3132 inter
1797 3092 2035 3133 acervos

242 3188 519 3227 caesorum
559 3188 865 3247 corporum
912 3174 1099 3227 strata
1143 3175 1330 3244 erant,
1373 3188 1639 3228 aversam
1686 3169 2034 3228 adoriuntur

241 3262 569 3323 Romanam
587 3265 785 3337 aciem,
802 3269 1083 3341 tergaque
1102 3263 1381 3323 ferientes
1395 3284 1463 3322 ac
1479 3263 1729 3341 poplites
1749 3265 2031 3323 caedentes

238 3364 494 3435 stragem
534 3359 832 3437 ingentem
874 3378 941 3418 ac
979 3358 1258 3417 maiorem
1307 3359 1609 3438 aliquanto
1648 3378 1921 3436 pavorem
1962 3378 2029 3417 ac

428 3482 484 3533 c.
516 3484 572 3534 L.
1815 3471 1855 3534 9
