2375 3842
362 242 438 304 14
1141 245 1238 304 LI
1245 246 1373 306 VII

310 412 335 450 ⁶
354 392 571 461 tarent,
600 388 706 446 ubi
731 388 950 447 Poenus
976 387 1255 448 iussisset.
1322 391 1454 448 Has
1479 392 1639 468 pacis
1664 392 1821 468 leges
1846 393 2145 453 abnuente

356 486 585 543 Alcone
621 499 958 562 accepturos
997 486 1369 563 Saguntinos,
1398 487 1670 563 Alorcus,
1697 489 1857 547 vinci
1894 490 2142 564 animost,

355 582 460 638 ubi
491 580 609 639 alia
633 581 964 655 vincantur,
993 583 1305 656 affirmans,
1335 602 1397 644 se
1423 585 1584 661 pacis
1609 586 1736 644 eius
1758 586 2143 664 interpretem

353 679 478 735 fore
529 678 876 754 pollicetur3
933 687 1060 737 erat
1105 686 1306 737 autem
1351 687 1483 739 tum
1535 682 1704 745 miles
1757 682 2144 758 Hannibalis,

304 806 328 843 7
354 781 610 833 ceterum
636 775 867 852 publice
894 776 1238 852 Saguntinis
1263 778 1485 836 amicus
1510 785 1687 855 atque
1713 779 1932 856 hospes.
2003 781 2143 839 Tra-

354 872 479 928 dito
514 857 709 948 palam
748 873 870 930 telo
903 873 1242 931 custodibus
1277 874 1553 948 hostium,
1590 881 1984 952 transgressus
2013 896 2141 935 mu·

351 969 617 1027 nimenta
640 970 717 1027 ad
741 975 1047 1048 praetorem
1075 970 1471 1047 Saguntinum
1499 970 1627 1050 (et
1608 991 1733 1048 ipse
1758 973 1847 1030 ita
1872 973 2138 1052 iubebat)

301 1098 326 1137 3
353 1073 443 1125 est
477 1067 780 1126 deductus.
866 1067 997 1136 Quo
1035 1086 1220 1144 quum
1261 1067 1556 1146 ex'templo
1594 1068 1907 1134 concursus
1947 1071 2140 1129 omnis

350 1163 579 1238 generis
613 1163 917 1220 hominum
953 1170 1108 1221 esset
1141 1164 1348 1236 factus,
1382 1170 1676 1223 summota
1710 1172 1903 1225 cetera
1936 1167 2138 1224 multi-

349 1259 570 1333 tudine,
625 1266 875 1318 senatus
905 1260 1124 1318 Alorco
1177 1260 1351 1318 datus
1390 1267 1496 1333 est,
1546 1261 1714 1320 cuius
1756 1260 1896 1321 talis
1942 1265 2133 1322 oratio

252 1366 322 1424 13
350 1358 480 1417 fuit.
499 1330 601 1431 ‘k‘
620 1357 684 1415 Si
731 1358 877 1415 civis
926 1363 1123 1414 vester
1160 1356 1333 1430 Alco,
1388 1357 1541 1416 sicut
1578 1359 1655 1416 ad
1692 1378 1894 1435 pacem
1933 1367 2135 1438 peten-

351 1455 485 1513 dam
526 1454 601 1512 ad
648 1453 1050 1512 Hannibalem
1090 1454 1273 1527 venit,
1315 1454 1403 1512 ita
1443 1455 1603 1531 pacis
1649 1457 2014 1516 condiciones
2057 1459 2135 1516 ab

345 1588 423 1627 bu,
435 1588 613 1627 Aloreus
626 1597 747 1635 urges
787 1551 1130 1608 Hannibale
1166 1551 1243 1609 ad
1280 1571 1388 1609 vos
1425 1553 1765 1626 rettulisset,
1796 1573 2135 1632 supervaca-

347 1635 605 1675 submissim.
783 1664 960 1702 neum
1023 1644 1134 1703 hoc
1199 1646 1348 1702 mihi
1389 1647 1607 1707 fuisset
1657 1647 1786 1720 iter,
1850 1668 1966 1725 quo
2023 1670 2133 1708 nec

297 1777 321 1803 2
346 1746 544 1798 orator
588 1740 946 1798 Hannibalis
990 1760 1100 1799 nec
1152 1742 1459 1818 transfuga
1510 1743 1587 1800 ad
1638 1762 1746 1801 vos
1796 1745 1971 1818 veni;
2030 1747 2133 1803 sed

345 1856 528 1914 quum
581 1837 684 1895 ille
729 1844 836 1896 aut
873 1843 1072 1896 vestra
1114 1844 1222 1896 aut
1268 1858 1376 1896 sua
1421 1840 1595 1916 culpa
1640 1841 1922 1899 manserit
1973 1843 2132 1917 apud

344 1936 573 1992 hostem
613 1933 759 2014 (sua,
789 1935 842 1992 si
875 1941 1099 1993 metum
1132 1935 1453 2008 simulavit,
1482 1943 1696 2010 vestra,
1727 1938 1779 1994 si
1804 1938 2128 2014 periculum
2191 1976 2194 1985 ·

346 2039 434 2089 est
474 2032 633 2108 apud
674 2051 780 2090 vos
824 2051 966 2090 vera
1003 2031 1435 2111 referentibus),
1480 2053 1602 2109 eg0,
1644 2053 1721 2091 ne
1760 2033 2126 2109 ignoraretis,

345 2148 467 2187 esse
505 2129 729 2205 aliquas
765 2135 827 2187 et
861 2129 1071 2187 salutis
1107 2135 1170 2187 et
1201 2130 1359 2206 pacis
1393 2129 1562 2188 vobis
1595 2121 1981 2199 condiciones,
2018 2150 2127 2207 pro

344 2231 580 2283 vetusto
614 2226 885 2302 hospitio,
917 2226 1074 2302 quod
1099 2227 1249 2284 mihi
1275 2227 1577 2285 vobiscum
1605 2233 1709 2300 est,
1739 2227 1813 2284 ad
1839 2246 1945 2285 vos
1971 2228 2125 2291 veni.

293 2354 317 2391 3
342 2323 560 2381 Vestra
597 2328 794 2381 autem
830 2343 1005 2381 causa
1039 2342 1135 2380 me
1173 2343 1284 2381 nec
1320 2323 1500 2381 ullius
1526 2323 1769 2381 alterius
1794 2324 1974 2400 loqui,
1995 2343 2126 2401 quae

340 2419 547 2496 loquor
587 2420 745 2497 apud
786 2439 908 2492 vos,
947 2419 1043 2477 vel
1086 2439 1156 2477 ea
1200 2420 1343 2476 fides
1390 2419 1485 2490 sit,
1528 2419 1686 2495 quod
1729 2439 1936 2496 neque,
1984 2421 2125 2478 dum

291 2543 317 2581 4
341 2516 552 2574 vestris
589 2516 816 2573 viribus
867 2515 1184 2587 restitistis,
1215 2533 1424 2590 neque,
1450 2514 1593 2571 dum
1634 2516 1857 2573 auxilia
1895 2519 1970 2574 ab
2010 2517 2125 2574 Ro-

341 2613 531 2670 manis
582 2612 875 2689 sperastis,
917 2613 1077 2688 pacis
1118 2630 1382 2687 unquam
1422 2612 1580 2688 apud
1619 2630 1726 2669 vos
1766 2612 2123 2671 mentionem

338 2709 463 2766 feci.
563 2708 882 2783 Postquam
927 2727 1036 2765 nec
1074 2708 1149 2765 ab
1189 2708 1477 2765 Romanis
1515 2707 1684 2766 vobis
1715 2708 1839 2767 ulla
1873 2716 1963 2768 est
1994 2730 2124 2787 spes

337 2824 447 2863 nec
486 2810 684 2862 vestra
724 2823 830 2861 vos
876 2804 995 2862 iam
1042 2810 1148 2861 aut
1206 2824 1373 2862 arma
1423 2810 1530 2863 aut
1575 2806 1792 2863 moenia
1836 2807 1980 2864 satis
2031 2807 2125 2866 de-

337 2900 604 2972 fendunt,
634 2918 835 2975 pacem
870 2901 1048 2958 affero
1082 2900 1160 2958 ad
1196 2920 1303 2959 vos
1327 2902 1513 2977 magis
1537 2903 1920 2960 necessariam
1946 2921 2122 2980 quam

291 3032 313 3073 3
337 3017 578 3074 aequam.
665 2997 848 3056 Cuius
882 2996 972 3055 ita
1009 2998 1212 3075 aliqua
1250 3017 1382 3075 spes
1417 3005 1523 3072 est,
1562 3001 1616 3058 si
1656 3018 1804 3073 eam,
1852 3001 2124 3076 quemad-

337 3095 576 3151 modum
617 3099 688 3152 ut
727 3094 917 3152 victor
950 3095 1070 3153 fert
1109 3094 1434 3169 Hannibal,
1475 3096 1560 3155 sic
1596 3115 1699 3155 vos
1733 3103 1804 3156 ut
1842 3097 1988 3155 victi
2023 3117 2120 3155 au-

334 3190 524 3262 dietis,
543 3196 606 3247 et
629 3209 749 3247 non
774 3190 853 3264 id,
874 3191 1031 3267 quod
1049 3192 1366 3267 amittitur,
1383 3193 1450 3250 in
1474 3193 1704 3268 damno,
1722 3212 1905 3270 quum
1925 3195 2120 3252 omnia

332 3286 572 3344 victoris
610 3286 748 3361 sint,
791 3289 910 3360 sed,
963 3289 1247 3368 quicquid
1291 3290 1660 3368 relinquitur,
1717 3310 1826 3369 pro
1880 3310 2120 3350 munere

283 3399 310 3439 ⁶
334 3382 593 3441 habituri
633 3384 789 3445 estis.
874 3385 1105 3447 Urbem
1143 3387 1328 3464 vobis,
1370 3409 1548 3467 quam
1588 3409 1663 3449 ex
1702 3409 1915 3467 magna
1951 3394 2119 3467 parte
