2375 3842
305 228 381 287 30
958 273 965 279 .
1083 227 1311 287 LIVII

301 371 591 457 [nantem]
628 380 983 452 sequeretur,
1010 375 1263 434 traxisse
1294 393 1543 451 gregem,
1581 379 1654 432 ut
1684 391 1973 451 quemque
2009 371 2097 431 ti·-

302 478 560 529 mentem
612 472 991 529 altitudinem
1032 470 1372 529 destituerit
1416 471 1651 541 vadum,
1694 469 1921 544 impetu
1956 470 2084 547 ipso

251 580 277 618 ⁶
301 567 560 625 fluminis
598 567 664 625 in
704 567 950 626 alteram
988 567 1178 643 ripam
1215 566 1497 642 rapiente.
1583 554 1859 623 Ceterum
1895 566 2083 642 magis

301 669 547 735 constat,
575 664 804 721 ratibus
829 664 1102 722 traiectos
1113 682 1132 735 ;
1171 663 1237 720 id
1262 668 1335 721 ut
1367 662 1559 720 tutius
1598 662 1905 721 consilium
1944 670 2083 719 ante

252 773 276 811 ⁷
299 779 423 818 rem
454 761 623 832 foret,
661 761 749 819 ita
786 767 918 819 acta
955 776 1021 818 re
1058 760 1135 819 ad
1175 759 1352 818 fidem
1389 761 1632 837 pronius
1677 765 1780 817 est.
1865 758 2080 818 Batem

299 875 479 914 unam
525 857 805 915 ducentos
850 857 1086 932 longam
1125 857 1318 934 pedes,
1361 857 1789 933 quinquaginta
1826 856 2007 915 latam
2045 875 2083 913 a

298 957 459 1008 terra
481 950 550 1008 in
582 970 813 1009 amnem
849 956 1252 1027 porrexerunt,
1290 969 1483 1027 quam,
1525 969 1603 1008 ne
1642 950 1894 1008 secunda
1929 969 2083 1027 aqua

298 1045 638 1117 deferretur,
666 1046 934 1123 pluribus
961 1047 1172 1105 validis
1206 1047 1545 1104 retinaculis
1582 1052 1750 1123 parte
1788 1046 2082 1123 superiore

256 1174 259 1179 ·
296 1141 438 1218 ripae
462 1142 768 1218 religatam
793 1143 994 1219 pontis
1016 1143 1083 1200 in
1108 1142 1348 1200 modum
1373 1142 1553 1199 humo
1587 1143 1804 1200 iniecta
1828 1149 2081 1202 constra-

295 1241 529 1308 verunt,
558 1243 629 1295 ut
654 1237 839 1295 beluae
864 1239 1143 1296 audacter
1166 1238 1334 1295 velut
1357 1256 1463 1313 per
1496 1236 1687 1295 solum
1717 1238 2084 1313 ingrederen-

246 1346 270 1384 ε
296 1337 410 1392 tur.
500 1332 708 1390 Altera
732 1334 879 1390 ratis
905 1352 1066 1410 aeque
1103 1333 1240 1405 lata,
1283 1331 1459 1407 longa
1497 1332 1671 1408 pedes
1709 1339 1963 1405 centum,
2006 1332 2082 1390 ad

292 1428 703 1486 trajiciendum
728 1427 946 1509 fiumen
978 1434 1133 1505 apta,
1162 1427 1302 1485 huic
1338 1427 1608 1503 copulata
1645 1433 1737 1485 est
1744 1446 1764 1503 3
1803 1432 1933 1486 tum
1972 1429 2082 1486 ele-

293 1525 504 1601 phanti
529 1545 635 1601 per
659 1526 929 1583 stabilem
964 1531 1153 1583 ratem
1187 1531 1470 1600 tanquam
1499 1524 1677 1595 viam,
1704 1526 2082 1602 praegredien-

294 1619 454 1677 tibus
489 1620 736 1694 feminis,
785 1622 905 1679 acti
940 1621 1045 1678 ubi
1082 1621 1151 1678 in
1187 1621 1474 1680 minorem
1509 1624 1858 1700 applicatam
1895 1627 2079 1679 trans·

244 1742 270 1780 9
296 1713 478 1789 gressi
514 1719 672 1785 sunt,
705 1717 997 1792 extemplo
1030 1719 1321 1791 resolutis,
1363 1720 1578 1795 quibus
1612 1718 1822 1776 leviter
1849 1734 2077 1774 annexa

295 1813 435 1880 erat,
466 1809 734 1880 vinculis,
763 1810 839 1866 ab
865 1811 1141 1869 actuariis
1165 1812 1393 1890 aliquot
1429 1812 1680 1869 navibus
1719 1810 1795 1868 ad
1832 1810 2073 1867 alteram

293 1902 482 1977 ripam
537 1903 934 1979 pertrahitur3
985 1906 1074 1963 ita
1117 1906 1325 1983 primis
1371 1906 1669 1983 expositis,
1718 1904 1824 1962 alii
1868 1903 2076 1960 deinde

221 2023 271 2050 10
294 1997 532 2074 repetiti
557 2017 625 2056 ac
650 2000 882 2058 traiecti
907 2008 1064 2061 sunt.
1134 2002 1308 2060 Nihil
1334 2021 1472 2061 sane
1487 2001 1875 2079 trepidabant,
1894 2000 2075 2058 donec

293 2092 617 2151 continenti
641 2095 809 2152 velut
845 2103 1025 2173 ponte
1064 2104 1376 2174 agerentur
1387 2119 1405 2171 3
1446 2098 1671 2175 primus
1710 2102 1838 2154 erat
1874 2114 2070 2172 pavor,

221 2210 264 2236 u
293 2207 492 2265 quum,
521 2190 713 2246 soluta
736 2191 813 2248 ab
841 2193 1047 2251 ceteris
1071 2199 1214 2267 rate,
1244 2194 1310 2252 in
1335 2195 1522 2252 altum
1550 2197 1904 2268 raperentur.
1977 2190 2069 2248 Ibi

292 2290 565 2359 urgentes
591 2285 751 2343 inter
784 2304 860 2358 se,
892 2287 1234 2345 cedentibus
1270 2288 1552 2351 extremis
1579 2289 1655 2346 ab
1690 2305 1857 2363 aqua,
1899 2288 2071 2363 trepi-

291 2377 544 2437 dationis
570 2381 942 2458 aliquantum
968 2384 1235 2459 edebant,
1264 2385 1446 2444 donee
1473 2385 1730 2463 quietem
1756 2384 1881 2461 ipse
1895 2385 2070 2443 timor

217 2501 266 2529 ιε
292 2474 910 2554 circumspectantibus
961 2499 1174 2557 aquam
1225 2471 1468 2539 fecisset.
1555 2479 1844 2538 Excidere
1894 2480 2068 2538 etiam

290 2569 591 2629 saevientes
618 2572 900 2647 quidam
882 2593 949 2631 m
973 2574 1225 2650 flumen,
1265 2576 1367 2634 sed
1392 2575 1689 2652 pondere
1670 2594 1798 2659 ipso
1817 2575 2067 2648 stabilest,

290 2662 528 2722 deiectis
579 2667 916 2741 rectoribus,
973 2670 1301 2745 quaerendis
1352 2669 1712 2805 pedetentim
1776 2668 1945 2726 vadis
2005 2669 2069 2726 in

290 2763 508 2816 terram
536 2780 783 2823 evasere.

184 2859 261 2918 29
410 2857 572 2916 Dum
598 2858 897 2936 elephanti
914 2861 1314 2934 traiiciuntur,
1341 2861 1584 2919 interim
1612 2860 1920 2918 Hannibal
1944 2860 2008 2919 N
2014 2882 2070 2917 u

286 2998 411 3039 Moen
411 3000 528 3040 smne
564 3000 682 3085 ‘¹¹⁶“2
719 2957 907 3016 midas
945 2958 1169 3035 equites
1209 2958 1559 3036 quingentos
1602 2957 1682 3014 ad
1725 2962 1917 3015 castra.
1955 2957 2070 3015 Ro.

282 3044 361 3129 ξι,
370 3047 663 3131 wm‘gfflfl
566 3101 681 3131 soom
664 3065 894 3108 ‘mana
916 3050 1157 3109 miserat
1190 3049 1567 3127 speculatum,
1596 3048 1701 3106 ubi
1734 3054 1798 3107 et
1835 3056 2069 3126 quantes

235 3164 261 3194 ⁸
284 3137 463 3222 affl„
463 3140 629 3224 „⁵32⁰
621 3141 679 3224 ¹¹1}
716 3145 893 3222 copiae
919 3152 1113 3204 essent
1138 3150 1203 3203 et
1227 3143 1371 3221 quid
1402 3150 1691 3220 pararent.
1773 3143 1939 3203 Huic
1962 3146 2069 3203 alae

283 3227 415 3269 ‘⁸¹¹⁹‘
436 3229 538 3271 ⁸¹⁶⁰·
728 3243 993 3320 equitum
1041 3242 1224 3315 missi,
1271 3244 1343 3298 ut
1390 3244 1530 3297 aute
1581 3240 1804 3299 dietum
1843 3247 1951 3316 est,
1991 3244 2065 3300 ab

284 3336 435 3398 ostio
459 3337 735 3399 Rhodani
771 3339 1021 3401 trecenti
1055 3338 1458 3397 Romanorum
1485 3337 1711 3415 equites
1736 3345 2066 3401 occurrunt.
