2375 3842
941 221 1203 284 LIBER
1254 221 1428 285 XXI.
2001 226 2077 287 69

293 366 477 444 phum
527 367 820 443 clamasse,
876 374 940 429 et
976 368 1047 429 in
1083 370 1214 430 foro
1247 370 1450 430 boario
1482 371 1691 436 bovem
1731 370 1794 431 in
1839 370 2079 431 tertiam
2103 401 2131 442 3

293 463 788 541 contignationem
826 484 934 524 sua
974 473 1184 544 sponte
1224 466 1549 526 escendisse
1588 472 1768 544 atque
1806 467 1947 525 inde
1986 473 2081 526 tm

293 560 488 620 multu
519 562 920 622 habitatorum
954 565 1232 624 territum
1264 583 1387 624 sese
1413 564 1706 637 deiecisse,
1733 570 1804 622 et
1831 563 2079 625 navium

292 658 540 735 speciem
580 659 654 718 de
685 660 824 719 coelo
863 660 1163 732 affulsisse,
1207 667 1268 719 et
1306 661 1490 720 aedem
1530 661 1684 738 Spei,
1722 681 1852 738 quoe
1890 668 1982 723 est
2014 662 2081 723 in
2104 694 2131 733 ⁴

293 754 417 813 foro
444 754 695 827 olitorio,
720 755 971 815 fulmine
996 756 1194 827 ictam,
1222 761 1285 815 et
1311 755 1569 815 Lanuvii
1593 756 1822 816 hastam
1846 776 1911 815 se
1930 776 2080 817 com·

294 850 542 909 movisse
582 857 645 909 et
678 871 922 909 corvum
956 853 1022 910 in
1058 853 1243 911 aedem
1279 852 1529 912 Iunonis
1565 853 1863 913 devolasse
1901 860 2081 931 atque

292 945 359 1003 in
402 946 529 1022 ipso
575 946 874 1023 pulvinari
919 949 1262 1022 consedisse,
1303 955 1366 1007 et
1412 949 1477 1009 in
1516 968 1656 1026 agro
1695 949 2078 1009 Amiternino
2103 974 2129 1014 s

292 1041 497 1101 multis
522 1043 664 1103 locis
690 1043 997 1101 hominum
1021 1045 1212 1122 specie
1237 1044 1439 1121 procul
1465 1044 1715 1103 candida
1732 1051 1897 1103 veste
1923 1044 2081 1107 visos

292 1158 399 1198 nec
435 1158 570 1197 oum
606 1139 731 1197 ullo
770 1144 1120 1217 congressos,
1150 1148 1213 1199 et
1253 1143 1316 1200 in
1360 1141 1580 1200 Piceno
1619 1141 1913 1217 lapidibus
1953 1139 2094 1218 plu·¹

291 1237 462 1308 visse,
494 1242 556 1294 et
597 1236 758 1295 Caere
798 1243 981 1296 sortes
1017 1244 1382 1311 extenuatas,
1426 1245 1489 1296 et
1526 1238 1591 1297 in
1633 1238 1827 1299 Gallia
1869 1237 2077 1316 lupum

294 1331 461 1409 vigili
485 1333 745 1410 gladium
774 1354 851 1393 ex
879 1334 1093 1411 vagina
1119 1343 1355 1412 raptum
1382 1336 1707 1394 abstulisse.
1768 1336 1860 1397 ob
1888 1342 2080 1397 cotors
2104 1356 2131 1397 6

294 1430 557 1506 prodigia
582 1430 763 1490 libros
787 1432 951 1491 adire
976 1432 1294 1491 decemviri
1319 1432 1496 1495 iussi:
1533 1433 1689 1509 quod
1714 1438 1912 1493 autem
1939 1431 2080 1508 lapi·

293 1525 464 1585 dibus
496 1528 782 1605 pluvisset
816 1529 882 1587 in
910 1528 1144 1602 Piceno,
1173 1529 1522 1589 novendiale
1557 1548 1787 1589 ssorum
1821 1529 2080 1591 edictum

294 1629 355 1678 et
379 1624 626 1683 subinde
650 1624 784 1683 aliis
819 1624 1201 1702 procurandis
1234 1644 1414 1702 prope
1440 1631 1568 1684 tota
1599 1625 1808 1684 civitas
1840 1631 2079 1702 operata

292 1720 424 1780 fuit.
507 1720 668 1779 Nam
692 1722 952 1799 primum
988 1722 1254 1779 omnium
1284 1722 1427 1781 urbs
1453 1721 1705 1780 lustrata
1732 1727 1823 1778 est
1846 1719 2075 1780 hostiae-
2104 1754 2128 1793 ⁷

293 1837 406 1894 que
439 1819 701 1891 maiores,
731 1819 943 1895 quibus
979 1818 1206 1878 editum
1244 1827 1350 1893 est,
1386 1819 1501 1877 diis
1536 1837 1710 1891 coesoe,
1752 1824 1814 1877 et
1853 1817 2076 1877 donum
2101 1843 2127 1883 a

292 1934 368 1973 ex
394 1915 525 1974 auri
544 1916 735 1991 pondo
755 1916 1143 1992 quadraginta
1163 1916 1502 1979 Lanuvium
1527 1915 1750 1975 Iunoni
1775 1921 2075 1992 portatum

290 2019 381 2072 est
414 2021 477 2072 et
511 2013 747 2090 signum
788 2032 1036 2073 aeneum
1080 2020 1365 2075 matronae
1401 2013 1623 2072 Iunoni
1667 2012 1733 2070 in
1769 2012 2078 2071 Aventino

291 2108 727 2183 dedicaverunt,
755 2115 817 2168 et
841 2110 1270 2169 lectisternium
1299 2112 1478 2183 Ooere,
1507 2110 1612 2169 ubi
1637 2115 1822 2168 sortes
1847 2116 2079 2169 attenu-

290 2212 402 2265 stae
436 2213 621 2279 erant,
651 2208 1022 2284 imperatum,
1051 2215 1115 2269 et
1154 2207 1507 2285 supplicatio
1548 2207 1825 2267 Fortunae
1865 2208 1931 2266 in
1968 2208 2078 2266 Al-

289 2302 467 2379 gido;
526 2302 731 2362 Romae
783 2324 1016 2382 quoque
1068 2311 1130 2363 et
1182 2303 1609 2365 lectisternium
1662 2304 1961 2365 iuventuti
2015 2310 2076 2363 et
2098 2342 2125 2382 9

290 2399 640 2476 supplicatio
666 2402 742 2458 ad
767 2403 950 2461 oedem
987 2402 1269 2462 Herculis
1309 2399 1676 2474 nominatim,
1706 2398 1918 2459 deinde
1947 2401 2076 2461 uni-

290 2514 461 2554 verso
484 2495 698 2572 populo
731 2498 883 2556 circa
918 2497 1117 2559 omnia
1147 2496 1485 2574 pulvinaria
1515 2495 1755 2569 indicta,
1787 2500 1849 2553 et
1885 2495 2074 2557 Genio

288 2591 539 2651 maiores
578 2591 784 2650 hostiae
823 2612 980 2653 caesoe
1017 2593 1295 2671 quinque,
1326 2597 1389 2650 et
1429 2591 1492 2652 O.
1524 2593 1754 2651 Atilius
1790 2592 2074 2653 Serranus
2099 2623 2149 2652 ιο

289 2695 508 2765 praetor
549 2697 690 2747 vota
736 2690 1027 2766 suscipere
1069 2689 1282 2764 iussus,
1321 2689 1375 2748 si
1413 2689 1480 2747 in
1519 2688 1717 2748 decem
1756 2709 1940 2748 annos
1979 2709 2073 2749 res

288 2785 523 2862 publica.
549 2786 754 2844 eodem
779 2785 1038 2844 stetisset
1064 2790 1241 2845 statu.
1308 2785 1456 2844 Haec
1482 2790 1792 2862 procurata
1816 2792 2073 2862 votaque
2100 2817 2147 2846 ιι

289 2902 365 2942 ex
391 2884 558 2944 libris
586 2882 890 2962 Sibyllinis
905 2902 1120 2962 magns
1134 2903 1212 2942 ex
1225 2889 1396 2961 parte
1418 2883 1762 2947 levaverant
1792 2883 2074 2961 religione

289 3000 531 3042 animos·

408 3079 731 3139 Consulum
772 3079 1207 3156 designatorum
1254 3078 1407 3145 alter
1453 3077 1798 3148 Flaminius,
1845 3074 1942 3137 cui
1988 3095 2070 3135 eoe
2097 3091 2173 3152 03

287 3173 557 3253 legiones,
569 3196 698 3254 quae
717 3177 1031 3236 Placentiae
1051 3175 1460 3246 hibernabant,
1478 3180 1634 3234 sorte
1671 3195 2074 3291 amq&

289 3281 619 3347 evenerant,
660 3275 919 3333 edictum
959 3278 1020 3331 et
1054 3273 1287 3331 litteras
1323 3272 1396 3329 sd
1435 3290 1634 3331 consu·
1672 3289 2072 3376 wunsam
2103 3324 2111 3333 .

288 3367 404 3429 lem
438 3370 617 3443 misit,
647 3376 718 3429 ut
753 3371 805 3431 is
840 3369 1133 3431 exercitus
1167 3369 1366 3426 idibus
1393 3367 1634 3427 Martiis
1671 3334 1743 3421 a·
1758 3380 1991 3431 pau-mn,
