2375 3842
936 249 1196 310 LIBER
1247 249 1429 311 ΧΧῙ.
1987 245 2064 304 55

280 401 591 473 habebant,
619 405 696 471 et,
725 399 911 458 sicubi
936 405 1202 458 conserta
1227 398 1400 466 navis
1422 402 1588 471 esset,
1617 397 2067 474 haudquaquam

281 518 389 575 par
416 515 694 555 numerus
731 501 1087 554 armatorum
1126 515 1205 554 ex
1243 514 1313 554 ea
1345 496 1661 573 pugnabat.
1759 492 1931 564 Quod
1964 492 2070 551 ubi
2093 510 2119 549 4

283 594 750 652 animadversum
792 599 899 665 est,
947 599 1010 651 et
1054 592 1340 650 Romanis
1378 590 1705 650 multitudo
1747 609 1856 648 sua
1895 589 2070 647 auxit

282 692 546 750 animum
592 697 654 749 et
694 690 957 767 paucitas
997 689 1119 747 illis
1163 689 1398 748 minuit.
1486 686 1810 763 Extemplo.
1845 691 2067 762 septem
2092 704 2117 744 s

283 806 463 846 naves
504 786 742 845 Punicoe
786 787 1235 858 circumventae3
1277 786 1473 861 fugam
1522 790 1727 842 ceterae
1769 787 2064 859 ceperunt.

290 883 462 943 Mille
504 889 566 942 et
610 883 968 960 septingenti
1011 883 1174 942 fuere
1216 883 1283 940 in
1324 881 1573 940 navibus
1619 880 1806 957 captis
1848 879 2068 937 milites

283 986 614 1056 nautaeque,
638 980 701 1038 in
720 979 814 1038 his
842 985 960 1038 tres
985 979 1209 1038 nobiles
1226 977 1809 1054 Carthaginiensium.
1856 974 2069 1035 Classis
2092 998 2119 1038 ⁶

289 1076 558 1134 Romana
591 1074 915 1150 incolumis,
942 1095 1064 1134 una
1087 1081 1325 1133 tantum
1360 1075 1652 1152 perforata
1675 1072 1833 1145 navi,
1862 1072 1964 1130 sed
1998 1091 2069 1130 ea

290 1191 520 1250 quoque
545 1172 673 1249 ipsa
697 1173 924 1244 reduce,
953 1172 1017 1230 in
1044 1181 1281 1249 portum
1305 1172 1498 1231 rediit.

402 1268 734 1326 Secundum
767 1268 918 1326 hanc
951 1288 1227 1345 pugnam,
1255 1269 1515 1326 nondum
1550 1265 1749 1344 gnaris
1785 1265 1926 1338 eius,
1958 1265 2063 1343 qui
2093 1277 2117 1315 ⁷

282 1364 567 1422 Messanae
619 1369 804 1438 erant,
855 1364 942 1424 Ἠ,
995 1365 1373 1441 Sempronius
1424 1364 1622 1423 consul
1664 1383 1751 1423 ‘rho
1779 1384 1923 1423 ωωιιι
1954 1383 2067 1423 sem-

287 1459 620 1517 Messauam
671 1461 851 1521 venit.
966 1460 1044 1518 Ei
1091 1462 1315 1533 fretum
1373 1460 1627 1520 intranti
1662 1430 1832 1560 §gd-⁸¹3⁸·
1865 1430 2065 1514 «ψ

281 1575 390 1614 rex
462 1555 650 1615 Hiero
727 1558 966 1615 classem
1042 1557 1387 1616 imm-udam
1464 1578 1626 1617 orna-
1665 1521 1918 1615 mama-om

286 1659 518 1729 tamque
557 1652 786 1711 obviam
843 1654 1034 1726 duxit,
1093 1660 1595 1733 transgressusque
1647 1675 1725 1715 ex
1787 1657 1947 1733 regia
1999 1656 2066 1714 in
2091 1686 2116 1724 3

281 1748 615 1823 praetoriam
655 1769 883 1824 navem,
925 1751 1257 1826 gratulatus
1303 1752 1579 1828 sospitem
1625 1772 1760 1811 cum
1803 1753 2065 1812 exercitu

280 1851 343 1901 et
366 1845 615 1916 navibus
640 1846 957 1919 advenisse,
979 1853 1358 1924 precatusque
1383 1868 1721 1925 prosperum
1747 1868 1815 1909 ac
1839 1850 2067 1908 felicem

281 1941 346 1998 in
400 1941 660 2001 Siciliam
699 1942 1031 2016 transitum,
1076 1950 1299 2003 statum
1337 1945 1547 2003 deinde
1586 1946 1790 2027 insulae
1830 1953 1892 2005 et
1931 1946 2066 2006 Oar-
2088 1974 2115 2014 9

186 2038 191 2043 ’
279 2038 737 2114 thaginiensium
780 2045 988 2097 conata
1027 2041 1318 2116 exposuit,
1354 2041 1762 2118 pollicitusque
1798 2048 1906 2114 est,
1948 2062 2064 2119 quo

279 2134 475 2190 animo
507 2133 698 2213 priore
737 2133 890 2191 bello
928 2135 1210 2210 populum
1249 2135 1586 2194 Romanum
1632 2138 1864 2197 iuvenis
1904 2140 2066 2197 adiu-

280 2228 475 2300 visset,
504 2248 572 2286 eo
597 2247 794 2287 senem
822 2230 1159 2289 adiuturum
1171 2251 1189 2303 ς
1216 2231 1582 2290 frumentum
1599 2236 2063 2313 vestimentaque
2089 2260 2138 2287 10

277 2336 402 2381 sese
426 2323 751 2398 legionibus
779 2326 1033 2384 consulis
1065 2328 1349 2402 sociisque
1382 2328 1689 2387 navalibus
1714 2331 1898 2406 gratis
1923 2351 2065 2408 prse-

280 2419 541 2475 biturum
553 2440 572 2492 3
599 2420 819 2494 grande
844 2421 1169 2497 periculum
1184 2423 1450 2497 Lilybaeo
1474 2425 1901 2503 maritimisque
1928 2429 2064 2487 civi·

277 2514 502 2572 tatibus
540 2517 699 2623 esse,¹
709 2521 770 2574 et
809 2518 1157 2594 quibusdam
1197 2519 1534 2579 volentibus
1571 2536 1754 2581 novas
1794 2542 1885 2583 res
1918 2523 2078 2605 fora}

280 2611 372 2668 Ob
412 2611 538 2669 haec
576 2612 805 2670 consuli
841 2614 995 2672 nihil
1034 2616 1428 2675 cunctandum
1466 2617 1677 2690 visum,
1714 2618 1861 2696 quin
1900 2621 2060 2698 Lily-
2086 2656 2132 2685 ιι

277 2708 464 2766 baeum
491 2692 675 2766 classe
700 2714 939 2784 peteret.
1025 2711 1108 2769 Et
1131 2731 1240 2770 rex
1265 2713 1538 2790 regiaque
1564 2715 1762 2775 classis
1787 2737 1907 2776 una
1931 2739 2062 2795 pro-

275 2804 427 2863 fecti.
493 2804 858 2881 Navigantes
885 2806 1038 2879 inde,
1067 2814 1390 2884 pugnatum
1417 2811 1491 2868 ad
1519 2810 1848 2887 Lilybaeum
1875 2815 2059 2873 fusas·

277 2921 390 2977 que
435 2908 498 2959 et
543 2907 742 2978 captas
783 2902 1043 2962 hostium
1089 2923 1287 2979 naves,
1331 2925 1611 2983 accepere.
1697 2909 1761 2967 A
1800 2909 2058 2986 Lilybaeo
2085 2916 2157 2974 51

230 3035 234 3040 -
276 2998 493 3072 consul,
542 2998 809 3057 Hierone
854 3018 987 3059 cum
1031 3001 1213 3060 classe
1257 3003 1418 3079 regia
1464 3004 1702 3062 dimisso
1741 3006 2057 3084 relictoque
2089 2980 2164 3002 '-

274 3103 520 3170 praetore
545 3096 622 3154 ad
647 3096 928 3155 tuendam
943 3097 1154 3156 Siciliae
1180 3118 1358 3170 oram,
1386 3099 1512 3176 ipse
1527 3100 1593 3158 in
1618 3100 1870 3159 insulam
1886 3103 2057 3162 Meli-

274 3200 413 3263 tam,
441 3212 570 3268 quae
596 3212 634 3250 a
660 3192 1240 3270 Carthaginiensibus
1268 3196 1592 3270 tenebatur,
1622 3197 1865 3257 traiecit.
1928 3201 2052 3260 Ad·
2077 3230 2103 3259 2

272 3289 535 3346 venienti
565 3288 871 3348 Hamilcar
910 3291 1183 3368 Gisgonis
1222 3292 1396 3364 filius,
1424 3292 1733 3368 praefectus
1770 3297 2043 3371 praesidii,

274 3403 405 3442 cum
422 3384 597 3461 paulo
621 3386 817 3444 minus
836 3388 1063 3447 duobus
1089 3389 1349 3446 millibus
1375 3389 1634 3448 militum
1660 3391 2050 3471 oppidumque
