2375 3842
892 262 1150 326 LIBER
1202 264 1387 327 XXI.
1946 264 2023 328 59

242 414 416 473 domo
452 413 840 475 traherentur.
924 415 1122 487 Quum
1169 416 1246 474 ob
1284 409 1408 474 haec
1455 414 1715 493 taliaque
1766 422 2026 493 speraret
2047 426 2096 464 ⁸¹

244 514 638 592 propinquum
670 522 961 576 certamen
996 522 1059 575 et
1091 517 1297 589 faeere,
1326 515 1378 574 si
1404 521 1739 588 cessaretur,
1768 520 2022 592 cuperet,

245 612 742 692 speculatoresque
783 614 956 688 Galli,
998 615 1075 674 ad
1120 633 1191 673 ea
1237 605 1611 692 exploranda,
1654 632 1784 691 quae
1824 611 2023 686 vellet,

246 708 507 783 tutiores,
551 711 693 787 quia
729 711 796 770 in
833 712 1099 789 utrisque
1140 712 1349 770 castris
1394 711 1749 783 militabant,
1790 714 2025 786 paratos

246 824 456 883 pugnae
500 825 623 865 esse
658 807 957 866 Romanos
992 807 1376 876 rettulissent,
1416 806 1610 866 locum
1651 805 1882 865 insidiis
1921 804 2029 863 cir-

246 911 640 983 cumspectare
674 905 893 964 Poenus
924 904 1112 982 coepit.
1199 904 1347 963 Erat
1378 905 1445 964 in
1479 903 1672 962 medio
1697 898 1860 960 rivus
1887 918 2029 978 prae-
2053 886 2129 947 54

150 1039 155 1043 -
247 1002 384 1061 altis
409 1001 687 1078 utrinque
706 1000 935 1059 clausus
951 1000 1096 1078 ripis
1115 1005 1177 1058 et
1198 1000 1349 1058 eirca
1367 999 1591 1057 obsitus
1629 1039 1720 1078 who
1731 1024 2027 1124 barm

247 1099 601 1176 palustribus
626 1097 820 1156 herbis
840 1103 902 1156 et
919 1098 1131 1175 quibus
1157 1096 1383 1155 inculta
1407 1095 1590 1153 ferme
1628 1095 1684 1125 ⁸¹¹
1698 1095 1766 1124 ‘¹¹'
1845 1085 1875 1123 ¹²

246 1193 596 1266 vestiuntur,
635 1193 915 1270 virgultis
947 1194 1355 1270 vepribusque.
1440 1192 1629 1263 Quem
1662 1191 1767 1249 ubi
1801 1190 2027 1266 equites

246 1308 477 1368 quoque
510 1290 758 1368 tegendo
797 1289 942 1348 satis
981 1288 1336 1347 latebrosum
1377 1287 1569 1346 locum
1605 1288 2027 1345 circumvectus

246 1388 370 1463 ipse
396 1388 578 1445 oculis
597 1386 997 1463 perlustravit,
1027 1386 1194 1444 “Hic
1219 1386 1335 1445 erit
1360 1385 1563 1444 locus''
1592 1385 1836 1462 Magoni
1851 1382 2028 1441 fratri
2051 1406 2075 1433 2

245 1485 352 1556 ait,
397 1489 432 1518 “
448 1503 622 1560 quem
666 1489 884 1543 teneas.
979 1483 1189 1559 Delige
1232 1490 1505 1542 centenos
1547 1483 1706 1541 viros
1749 1502 1825 1542 ex
1864 1480 2028 1540 omni

247 1577 444 1654 pedite
473 1584 651 1653 atque
680 1579 893 1656 equite,
933 1596 1067 1637 cum
1107 1579 1320 1655 quibus
1358 1578 1434 1637 ad
1468 1597 1562 1636 me
1598 1577 1803 1653 vigilia
1839 1577 2029 1654 prima

247 1674 448 1732 venias
464 1694 483 1749 3
537 1694 693 1732 nunc
731 1695 972 1752 corpora
1010 1694 1217 1734 curare
1256 1681 1487 1753 tempus
1526 1674 1669 1733 est.'’
1748 1675 1851 1732 Ita
1887 1692 2029 1750 ρευ-
2050 1688 2076 1728 3

249 1772 465 1829 torium
489 1773 750 1833 missum.
793 1773 945 1832 Mox
969 1792 1103 1832 cum
1129 1773 1370 1832 delectis
1394 1773 1575 1850 Mago
1600 1770 1817 1832 aderat.
1864 1771 2029 1829 “Ro-

247 1868 391 1929 bora
449 1871 710 1929 virorum
778 1888 951 1929 cerno
966 1869 998 1898 ”
1065 1870 1265 1947 inquit
1319 1868 1665 1944 Hanniba13
1726 1872 1763 1906 “
1778 1864 1882 1927 sed
1933 1866 2030 1925 uti

247 1986 492 2026 numero
545 1968 741 2041 etiam,
796 1982 918 2027 non
970 1967 1183 2025 animis
1236 1968 1410 2027 modo
1463 1966 1725 2040 valeatis,
1782 1967 2029 2042 singulis

245 2065 413 2123 vobis
454 2083 710 2123 novenos
749 2083 824 2123 ex
864 2065 1076 2123 turmis
1112 2064 1548 2141 manipulisque
1586 2061 1771 2122 vestri
1809 2061 2030 2120 similes

245 2164 459 2241 eligite.
565 2163 743 2238 Mago
794 2164 986 2220 locum
1037 2162 1407 2234 monstrabit,
1462 2180 1638 2239 quem
1690 2160 2028 2232 insidentis3

244 2259 473 2317 hostem
513 2276 725 2315 caecum
758 2258 834 2314 ad
875 2257 982 2316 has
1015 2257 1158 2315 belli
1193 2263 1352 2316 artes
1395 2254 1676 2314 habetis.”
1759 2254 1861 2311 Ita
1899 2274 2030 2311 cum
2052 2272 2079 2310 ⁴

245 2352 409 2410 mille
428 2353 724 2429 equitibus
749 2352 1019 2430 Magone,
1047 2353 1213 2412 mille
1246 2351 1543 2430 peditibus
1579 2349 1834 2422 dimisso,
1863 2348 2031 2406 Han·

248 2447 413 2505 nibal
439 2447 630 2523 prima
647 2449 777 2506 luce
793 2449 1086 2508 Numidas
1105 2449 1335 2526 equites
1349 2454 1738 2524 transgressos
1757 2446 2030 2507 Trebiam

248 2543 469 2600 fiumen
509 2541 847 2617 obequitare
891 2545 1060 2603 iubet
1092 2544 1356 2602 hostium
1389 2542 1575 2619 portis
1608 2543 2032 2620 iaculandoque

246 2637 316 2695 in
358 2634 641 2696 stationes
677 2634 882 2696 elicere
907 2637 985 2695 ad
1017 2654 1276 2714 pugnam
1304 2637 1548 2710 hostem,
1578 2637 1793 2696 iniecto
1819 2636 2031 2696 deinde

247 2733 578 2804 certamine,
644 2733 899 2791 cedendo
952 2735 1163 2792 sensim
1210 2735 1360 2793 citra
1404 2734 1624 2793 flumen
1675 2733 2027 2810 pertrahere.

248 2830 398 2888 Haec
433 2829 715 2888 mandata
748 2829 811 2887 N
811 2829 1066 2904 umidis3
1105 2828 1313 2890 ceteris
1349 2831 1594 2890 ducibus
1630 2868 1715 2911 and
1740 2871 1841 2920 kept
1862 2870 1927 2911 m,
1949 2871 2031 2910 201,
2053 2834 2077 2873 ⁵

246 2924 510 3004 peditum
536 2927 919 3004 equitumque
935 2934 1307 3005 praeceptum,
1328 2934 1401 2987 ut
1424 2947 1594 3005 prau-
1630 2918 1739 2958 ‘²¹⁹¹’
1752 2917 1887 2959 πάθ’
1895 2927 2029 2964 ‘’0'0‘·

247 3014 383 3081 der'e
402 3042 602 3082 omnes
627 3023 917 3095 iuberent,
944 3029 1199 3083 armatos
1224 3024 1436 3083 deinde
1461 3024 1839 3101 instratisque
1865 3023 2031 3099 equis

246 3117 478 3196 signum
502 3125 856 3196 exspectare.
1981 3176 2044 3194 ,,

367 3214 741 3292 Sempronius
793 3216 871 3274 ad
922 3214 1248 3275 tumultum
1310 3215 1708 3274 Numidarum
1774 3214 2031 3292 primum
2052 3234 2079 3273 ⁶

246 3328 480 3369 omnem
519 3313 863 3388 equitatum,
897 3312 1068 3371 ferox
1106 3330 1176 3371 ea
1212 3318 1381 3389 parte
1415 3312 1650 3385 virium,
1679 3312 1892 3371 deinde
1925 3331 2033 3374 sex

246 3403 439 3464 millia
478 3405 759 3482 peditum,
805 3412 1099 3484 postremo
1142 3425 1346 3467 omnes
1391 3406 1600 3485 copias,
1650 3426 1687 3466 a
1738 3407 2032 3469 destinato
