2375 3842
923 258 1185 319 LIBER
1236 258 1411 318 XXI.
1982 258 2060 318 53

274 425 383 471 nec
408 405 783 465 vexationem
805 405 1070 464 vulneris
1102 405 1169 463 in
1196 405 1297 465 via
1325 405 1531 465 iactati
1558 405 1722 464 ultra
1745 402 1976 483 patiens
1998 408 2063 462 et

274 504 555 581 collegam
587 503 730 583 (iam
764 503 923 561 enim
959 508 1022 561 et
1051 509 1388 561 revocatum
1420 521 1498 561 ex
1533 501 1737 561 Sicilia
1769 498 2060 577 audierat)

273 606 440 659 ratus
466 598 934 676 exspectandum,
955 599 1148 657 locum
1173 599 1281 677 qui
1299 617 1479 677 prope
1495 599 1714 657 flumen
1731 596 2064 656 tutissimm

275 697 509 757 stativis
546 701 638 754 est
678 697 857 768 visus,
901 696 1193 754 delectum
1241 670 1615 773 communiit}
1683 694 1815 753 Nec
1861 694 2063 771 procul
2087 714 2112 752 s

274 793 415 852 inde
468 791 776 850 Hannibal
828 812 1011 868 quum
1064 791 1434 863 consedisset,
1484 797 1773 867 quantum
1814 790 2065 850 victoria.

275 890 534 967 equestri
559 889 766 962 elatus,
787 894 1025 946 tantum
1048 889 1263 947 anxius
1281 887 1496 965 inopia,
1524 906 1656 966 quae
1671 907 1788 967 „per
1804 887 2063 947 hostium

276 1005 443 1065 agros
470 992 725 1058 euntem,
745 1004 1035 1061 nusquam
1059 986 1401 1062 praeparatis
1425 985 1856 1058 commeatibus,
1878 984 2065 1044 maior

276 1083 343 1141 in
368 1083 493 1141 dies
525 1081 868 1159 excipiebat,
898 1082 975 1140 ad
1007 1081 1357 1143 Clastidium
1392 1083 1607 1156 vicum,
1636 1101 1753 1159 quo
1786 1100 2064 1159 magnum

277 1180 561 1238 frumenti
597 1162 909 1238 minorum
949 1185 1356 1256 congesserant
1391 1179 1664 1254 Romus,
1692 1178 1896 1237 mittis
1966 1178 2065 1237 Ibi
2089 1196 2113 1234 ⁹

193 1303 197 1307 ·
277 1296 460 1354 quum
503 1277 627 1334 vim
668 1282 961 1353 pararent,
1003 1294 1135 1352 spes
1173 1275 1331 1335 facta
1363 1275 1747 1352 proditionis;
1783 1293 1907 1334 nec.
1926 1292 2066 1333 sane

277 1391 489 1450 magno
541 1373 747 1449 pretio,
801 1372 1060 1430 nummis
1111 1372 1305 1430 aureis
1370 1358 1828 1449 quadringentis,
1881 1368 2065 1428 Dasio

278 1467 640 1526 Brundisino
679 1469 952 1545 praefecto
982 1466 1242 1544 praesidii
1276 1474 1567 1543 corrupte,
1605 1466 1861 1524 traditur
1900 1465 2065 1524 Han-

279 1563 466 1622 nibali
494 1564 857 1624 Clastidium.
941 1564 1018 1623 Id
1052 1563 1328 1649 horreum
1356 1563 1474 1621 fuit
1500 1563 1712 1621 Poenis·
1724 1562 2061 1621 sedentibus

279 1659 356 1718 ad
382 1659 664 1719 Trebiam.
747 1660 825 1718 In
851 1661 1113 1736 captivos
1138 1679 1217 1720 ex
1241 1660 1463 1719 tradito
1498 1658 1783 1737 praesidio,
1812 1663 1882 1716 ut
1906 1657 2066 1716 fama
2091 1686 2139 1714 ιο

280 1757 600 1815 clementiae
638 1756 704 1814 in
739 1757 1027 1834 principio
1062 1776 1262 1815 rerum
1298 1757 1680 1834 colligeretur,
1714 1754 1865 1813 nihil
1903 1754 2065 1813 saevi·

279 1859 408 1912 tum
435 1860 538 1913 est.

401 1950 600 2020 Quum
625 1951 702 2009 ad
727 1950 1000 2009 Trebiam
1026 1956 1302 2009 terrestre
1334 1949 1689 2009 constitisset
1713 1948 1951 2024 bellum,
1977 1948 2064 2006 in·
2087 1953 2165 2011 49

279 2045 454 2105 terim
479 2048 633 2105 circa
659 2047 919 2106 Siciliam
944 2047 1283 2124 insulasque
1320 2047 1627 2105 imminen-
1666 2089 1908 2130 „mmo
1929 2101 1957 2130 ἦ
1981 2090 2065 2130 Pu·

278 2151 369 2202 tes
415 2149 476 2202 et
513 2163 551 2201 a
594 2144 937 2220 Sempronio
977 2142 1214 2202 consule
1253 2148 1315 2201 et
1352 2148 1492 2201 ante
1529 2142 1626 2199 ad-
1664 2137 1879 2229 ξξξωξθξζ,
1892 2140 2068 2223 2223

278 2246 525 2298 ventum
577 2240 703 2298 eius
756 2246 916 2298 terra
971 2240 1237 2316 marique
1288 2257 1381 2297 res
1431 2245 1623 2315 gestoe.
1666 2227 1789 2276 ⁸¹⁰⁰!

277 2334 516 2409 Viginti
555 2333 1000 2412 quinqueremes
1036 2355 1170 2394 cum
1211 2334 1377 2392 mille
1417 2333 1659 2391 armatis
1702 2334 1778 2392 ad
1817 2334 2064 2411 depopu·
2088 2369 2111 2395 2

277 2430 514 2488 landam
540 2449 702 2488 oram
728 2432 921 2491 Italiae
948 2451 986 2489 a
1006 2430 1588 2507 Carthaginiensibus
1605 2429 1825 2503 missae3
1854 2449 2063 2489 novem

279 2526 540 2603 Liparae,
582 2532 712 2584 octo
751 2529 829 2585 ad
864 2528 1118 2587 insulam
1157 2528 1417 2585 Vulcani
1458 2533 1793 2599 tenuerunt,
1836 2533 1956 2586 tres
1997 2528 2063 2587 in

279 2623 499 2681 fretum
536 2623 755 2682 avertit
792 2631 980 2684 aestus.
1065 2625 1170 2683 Ad
1210 2643 1308 2683 eas
1340 2630 1676 2702 conspectas
1713 2645 1751 2684 a
1788 2625 2063 2684 Messana
2087 2637 2108 2673 ³

278 2719 581 2779 duodecim
600 2738 781 2779 naves
801 2722 877 2778 ab
898 2721 1162 2780 Hierone
1179 2740 1317 2799 rege
1337 2720 1829 2798 Syracusanorum
1854 2723 2058 2795 missae,

278 2817 383 2893 qui
419 2823 549 2875 tum
590 2818 740 2876 forte
779 2817 1067 2876 Messanae
1105 2825 1235 2876 erat
1269 2819 1562 2877 consulem
1593 2817 1927 2878 Romanum
1966 2839 2063 2897 op-

278 2912 522 2989 periens,
556 2914 722 2973 nullo
763 2920 1126 2991 repugnante
1163 2921 1364 2992 captas
1403 2934 1583 2972 naves
1624 2913 1958 2973 Messanam
1996 2916 2062 2974 in

277 3016 513 3084 portum
559 3011 947 3069 deduxerunt.
1051 3010 1371 3090 Cognitum
1423 3031 1499 3070 ex
1543 3012 1807 3086 captivis,
1854 3018 2063 3088 praeter
2086 3040 2112 3077 4

278 3105 495 3181 viginti
518 3100 711 3182 naves,
744 3107 910 3165 cuius
934 3108 1049 3186 ipsi
1085 3109 1284 3168 classis
1323 3114 1535 3181 essent,
1563 3107 1630 3164 in
1656 3108 1894 3166 Italiam
1929 3108 2063 3167 mis-

279 3221 384 3273 sas,
429 3204 688 3280 quinque
728 3210 789 3263 et
827 3205 1076 3282 triginta
1126 3206 1273 3264 alias
1316 3204 1758 3283 quinqueremes
1801 3205 2061 3264 Siciliam

278 3304 476 3375 petere
516 3301 593 3359 ad
632 3301 1032 3361 sollicitandos
1076 3309 1306 3361 veteres
1349 3303 1570 3375 socios,
1611 3300 1859 3379 Lilyboei
1898 3322 2062 3363 occu·

278 3395 457 3474 pandi
502 3398 853 3475 praeeipuam
895 3418 1097 3459 curam
1142 3417 1304 3472 esse;
1360 3398 1608 3469 credere,
1663 3400 1863 3458 eadem
1915 3405 2108 3464 tem-s
