2375 3842
371 257 408 313 2
1148 255 1247 313 LI
1251 255 1379 314 VII

369 402 517 458 bant
535 400 794 478 ingentis
813 400 1056 477 spiritus
1074 400 1267 458 virum
1290 400 1490 459 Sicilia
1506 401 1889 479 Sardiniaque
1904 402 2159 461 amissae:

369 517 507 556 nam
535 508 596 556 et
634 497 894 556 Siciliam
924 498 1103 556 nimis
1138 498 1315 556 celeri
1354 498 1754 574 desperatione
1791 518 1989 557 rerum
2027 518 2161 558 oon·

372 616 588 656 cessam
625 601 687 654 et
723 596 1055 654 Sardiniam
1089 596 1253 653 inter
1285 602 1510 653 motum
1538 596 1759 654 Africae
1798 597 2005 655 fraude
2042 597 2163 655 Ro-

371 711 696 764 manorum,
731 692 1023 768 stipendio
1057 690 1240 747 etiam
1273 690 1512 766 insuper
1549 691 1838 766 imposito,
1876 691 2164 768 intercep-

310 792 347 848 2
374 797 514 850 tam.
601 791 721 849 His
757 792 972 849 anxius
1005 789 1162 849 curis
1197 789 1287 847 ita
1312 809 1373 847 se
1398 790 1607 847 Africo
1644 790 1815 861 bello,
1846 789 2005 867 quod
2025 790 2164 848 vfuit
2211 822 2233 832 ψ

374 888 483 944 sub
528 892 822 944 recentem
870 885 1201 944 Romanam
1247 905 1463 961 pacem,
1505 904 1610 961 per
1656 885 1917 962 quinque
1956 904 2159 958 annos,

374 982 462 1038 ita
488 979 697 1038 deinde
728 998 942 1037 novem
973 972 1148 1037 annis
1184 979 1254 1036 in
1293 979 1590 1055 Hispania
1628 979 1894 1055 augendo
1937 978 2165 1037 Punico

324 1101 349 1128 2
373 1113 503 1153 „meh
540 1123 622 1153 m
662 1115 772 1162 post·
811 1074 1055 1151 imperio
1079 1075 1276 1150 gessit,
1315 1080 1386 1131 ut
1421 1080 1745 1150 appareret,
1785 1074 1972 1132 maius
2006 1095 2160 1147 eum,

428 1159 779 1245 Ἓξξοξθζῷωοῗ
813 1190 992 1247 quam
1022 1171 1178 1249 quod
1214 1175 1460 1246 gereret,
1488 1170 1709 1246 agitare
1734 1172 1800 1227 in
1825 1170 2020 1229 animo
2047 1171 2166 1229 bel·

515 1261 599 1291 m.
812 1269 954 1342 lum,
973 1274 1052 1340 et,
1072 1268 1125 1326 si
1142 1268 1368 1325 diutius
1381 1267 1643 1339 vixisset,
1656 1267 1997 1324 Hamilcare
2017 1266 2166 1326 duce

375 1365 588 1424 Poenos
626 1384 790 1424 arma
830 1365 1023 1423 Italiae
1075 1364 1349 1423 illaturos
1385 1364 1581 1437 fuisse,
1625 1382 1756 1441 quae
1803 1362 2165 1421 Hannibalis

262 1496 301 1541 0
374 1461 556 1520 ductu
593 1461 943 1521 intulerunt.
1665 1480 1672 1487 ·

251 1550 255 1555 ⁴
323 1596 347 1633 3
492 1556 661 1615 Mors
687 1556 1047 1615 Hamilcaris
1077 1562 1514 1632 peropportuna
1547 1561 1609 1613 et
1645 1555 1899 1631 pueritia
1934 1555 2165 1613 Hanni-

374 1654 524 1711 bans
566 1653 926 1715 distulerunt
976 1652 1215 1711 benum.
1326 1650 1562 1709 Medius
1616 1618 2165 1710 Hasdmbai'inter

374 1756 605 1827 patrem
629 1769 698 1807 ac
724 1749 913 1806 filium
941 1754 1072 1807 octo
1106 1748 1292 1807 ferme
1327 1768 1511 1806 annos
1535 1748 1848 1824 imperium
1887 1747 2161 1819 obtinuit,

327 1876 349 1911 4
376 1847 518 1906 flore
559 1846 767 1918 aetatis,
810 1845 906 1903 uti
945 1844 1164 1919 ferunt,
1205 1844 1396 1921 primo
1436 1843 1766 1902 Hamilcari
1805 1843 2161 1916 conciliatus,

374 1964 556 2020 gener
584 1944 723 2001 inde
758 1943 835 2000 ob
874 1942 1051 2000 aliam
1089 1942 1348 1999 indolem
1386 1942 1646 2017 profecto
1686 1941 1871 1999 animi
1910 1940 2165 1998 adscitus

377 2049 455 2115 et,
476 2041 618 2118 quia
641 2059 820 2117 gener
845 2046 986 2111 erat,
1006 2038 1283 2097 factionis
1310 2037 1573 2095 Barcinae
1602 2037 1824 2113 opibus,
1849 2056 1980 2113 quae
2007 2036 2166 2114 apud

377 2138 595 2197 milites
620 2138 965 2216 plebemque
990 2136 1124 2213 plus
1150 2154 1328 2212 quam
1359 2134 1599 2192 modicae
1626 2140 1812 2206 erant,
1842 2133 2002 2190 haud
2027 2152 2165 2190 sane

326 2259 351 2297 s
376 2228 685 2295 voluntate
710 2234 1061 2312 principum,
1078 2234 1147 2290 in
1169 2232 1419 2308 imperio
1444 2231 1685 2307 positus.
1749 2229 1816 2288 Is
1840 2229 2011 2305 plura
2036 2248 2166 2287 con-

375 2332 509 2391 silio
548 2351 726 2408 quam
766 2332 831 2389 vi
869 2350 1094 2408 gerens,
1126 2327 1400 2405 hospitiis
1438 2326 1623 2403 magis
1662 2327 1998 2403 regulorum
2036 2344 2164 2384 con·

374 2451 627 2497 andrum,
711 2451 776 2492 ω.
814 2426 1199 2502 ciliandisque
1233 2443 1340 2501 per
1365 2423 1684 2481 amicitiam
1709 2424 2042 2500 principum
2067 2441 2185 2483 no2
2211 2434 2222 2445 ‘

374 2498 776 2590 ssnfflm‘einteffiffi
816 2520 907 2577 vis
952 2521 1228 2598 gentibus
1269 2538 1448 2596 quam
1489 2518 1643 2577 bello
1682 2524 1790 2576 aut
1828 2519 2006 2575 armis
2040 2536 2160 2575 rem

326 2634 352 2672 ⁶
374 2588 595 2682 m?
593 2599 647 2673 31¹
648 2588 781 2682 &palii
806 2616 1363 2692 ‘Carthaginiensem
1383 2614 1567 2673 auxit.
1615 2614 1889 2673 Ceterum
1905 2614 2092 2671 nihilo
2108 2614 2164 2670 ei

375 2734 495 2791 pax
509 2715 697 2773 tutior
712 2713 858 2787 fuit3
887 2713 1169 2771 barbarus
1186 2732 1322 2770 eum
1342 2712 1585 2789 quidam
1603 2712 1796 2789 palam
1815 2712 1891 2768 ob
1910 2712 2060 2768 iram
2077 2710 2164 2767 in-

375 2811 609 2870 terfecti
634 2812 708 2870 ab
734 2830 802 2869 eo
829 2810 1054 2868 domini
1078 2812 1394 2869 obtruncat
1412 2830 1432 2883 3
1462 2827 1948 2886 comprensusque
1969 2808 2043 2866 ab
2058 2807 2163 2867 cir-

376 2907 805 2966 cumstantibus
841 2907 1001 2965 haud
1032 2907 1165 2980 alio,
1195 2926 1374 2984 quam
1411 2907 1463 2964 si
1499 2904 1792 2978 evasisset,
1822 2905 2012 2977 vultu,
2049 2909 2165 2961 tor·

378 3003 589 3063 mentis
625 3022 857 3081 quoque
889 3022 1074 3080 quum
1109 3004 1480 3076 laceraretur,
1520 3022 1589 3061 eo
1624 3002 1745 3061 fuit
1784 3002 1994 3060 habitu
2028 3001 2159 3073 oris,

377 3107 446 3159 ut
499 3106 816 3178 superante
860 3100 1072 3158 laetitia
1111 3100 1341 3158 dolores
1387 3099 1636 3157 ridentis
1683 3099 1863 3157 etiam
1915 3099 2158 3176 speciem

329 3231 352 3269 7
376 3198 709 3275 praebuerit.
794 3197 945 3255 Cum
982 3197 1093 3256 hoc
1121 3197 1516 3265 Hasdrubale,
1544 3196 1684 3273 quia
1722 3198 1885 3254 mirae
1920 3197 2065 3253 artis
2100 3197 2158 3253 in

379 3294 765 3353 sollicitandis
790 3295 1066 3371 gentibus
1093 3293 1457 3370 imperioque
1483 3312 1590 3350 suo
1615 3291 1927 3368 iungendis
1952 3292 2156 3364 fuerat,

380 3391 567 3451 foedus
592 3397 979 3451 renovaverat
1001 3391 1254 3469 populus
1274 3389 1596 3463 RomanuS,
1619 3395 1689 3447 ut
1707 3389 1843 3447 finis
1860 3389 2147 3466 utriusque
