2375 3842
900 228 1175 293 LIBER
1214 228 1404 290 XXI.
1964 227 2037 287 51

260 375 447 435 effusa
470 375 857 435 iaculatorum
881 377 1139 437 maxime
1163 377 1299 452 fuit,
1329 394 1475 453 quos
1510 376 1729 453 primos
1764 375 2041 434 Numidae

260 473 646 547 invaserunt3
714 474 867 532 alius
919 475 1216 534 confertus
1274 475 1577 552 equitatus
1630 474 1926 532 consulem
1978 472 2044 531 in

260 571 520 630 medium
563 577 883 649 acceptum,
930 590 1054 632 non
1094 573 1275 631 armis
1317 571 1505 644 modo,
1555 571 1659 630 sed
1702 571 1882 629 etiam
1922 589 2043 628 cor·

261 666 503 744 poribus
555 665 678 727 suis
729 673 1058 744 protegens,
1112 668 1178 726 in
1233 672 1427 726 castra
1471 686 1768 744 nusquam
1820 666 2045 744 trepide

261 779 449 837 neque
484 760 665 819 effuse
701 761 958 821 cedendo
983 762 1241 825 reduxit.
1323 762 1561 825 Servati
1590 762 1844 821 consulis
1868 762 2044 822 decus
2073 782 2122 810 ιο

265 856 475 916 Oaelius
517 857 594 916 ad
632 876 869 916 servum
905 859 1146 919 natione
1199 859 1480 938 Ligurem
1524 859 1796 937 delegat3
1841 861 2045 919 malim

260 956 533 1032 equidem
569 957 644 1015 de
680 955 805 1014 filio
839 973 1048 1015 verum
1083 975 1225 1030 esse,
1256 955 1414 1035 quod
1440 960 1503 1014 et
1526 954 1726 1033 plures
1750 955 2045 1015 tradidere

261 1056 524 1109 auctores
550 1057 613 1109 et
636 1050 798 1109 fama
821 1049 1097 1113 obtinuit.
1929 1036 2088 1089 s

382 1147 520 1205 Hoc
560 1147 818 1224 primum
863 1167 999 1207 cum
1042 1147 1388 1209 Hannibale
1425 1149 1698 1227 proelium
1736 1148 1889 1221 fuit3
1930 1166 2046 1224 quo
2069 1143 2145 1204 4⁸7

263 1243 435 1302 facile
473 1245 762 1322 apparuit,
805 1241 914 1326 [et]
956 1244 1227 1322 equitatu
1265 1246 1565 1305 meliorem
1604 1245 1855 1305 Poenum
1900 1262 2043 1317 esse,

265 1353 327 1399 et
378 1341 453 1401 ob
505 1341 568 1401 id
615 1359 846 1417 campos
891 1346 1177 1418 patentes,
1222 1343 1423 1419 quales
1468 1348 1610 1402 sunt
1648 1387 2049 1431 anonumum

264 1436 424 1495 inter
482 1436 711 1495 Padum
774 1437 1092 1514 Alpesque,
1149 1438 1306 1497 bello
1357 1439 1610 1517 gerendo
1649 1434 1872 1484 ‘mu‘-

268 1531 551 1595 Romanis
576 1539 744 1608 aptos
769 1552 892 1591 non
919 1552 1056 1594 esse.
1128 1533 1343 1611 Itaque
1367 1535 1636 1612 proxima
1658 1543 1848 1611 nocte,
1874 1536 2049 1595 iussis
2072 1564 2096 1592 ι

265 1628 553 1687 militibus
578 1648 718 1691 vasa
753 1629 990 1689 silentio
1015 1631 1306 1708 colligere,
1339 1638 1534 1693 castra
1556 1633 1633 1691 ab
1657 1633 1861 1692 Ticino
1887 1639 2049 1691 mota

264 1724 721 1802 festinatumque
756 1726 832 1784 ad
864 1726 1095 1785 Padum
1126 1733 1232 1801 est,
1262 1734 1335 1787 ut
1368 1729 1612 1805 ratibus,
1640 1730 1855 1808 quibus
1879 1730 2050 1787 iunx-

265 1829 393 1883 erat
444 1824 681 1898 flumen,
726 1824 993 1882 nondum
1045 1826 1318 1885 resolutis
1371 1827 1499 1885 sine
1551 1827 1819 1886 tumultu
1870 1833 2050 1904 atque

144 1940 148 1944 Α
263 1917 647 1977 insectatione
698 1917 885 1979 hostis
936 1921 1132 1997 copias
1185 1920 1493 1980 traiiceret.
1580 1921 1759 1982 Prius
1811 1922 2050 1981 Placen·
2073 1945 2097 1983 3

267 2015 409 2079 tiam
447 2033 781 2092 pervenere,
816 2034 995 2092 quam
1031 2015 1176 2074 satis
1207 2017 1385 2076 sciret
1410 2016 1720 2076 Hannibal
1745 2018 1821 2076 ab
1846 2017 2049 2076 Ticino

262 2114 550 2191 profectos
571 2135 589 2187 ς
631 2119 834 2171 tamen
864 2113 940 2171 ad
972 2119 1277 2172 sexcentos
1303 2120 1665 2174 moratorum
1689 2114 1756 2173 in
1782 2114 2049 2174 citeriore

262 2213 393 2289 ripa
434 2210 601 2284 Padi,
646 2211 902 2286 segniter
934 2217 1122 2269 ratem
1164 2211 1474 2284 solventes,
1522 2211 1692 2287 cepit.
1778 2210 2049 2268 Transire

263 2313 506 2384 pontem
546 2325 669 2364 non
713 2306 925 2382 potuit,
974 2312 1047 2365 ut
1086 2312 1351 2366 extrema
1388 2306 1648 2365 resoluta
1688 2312 1872 2379 erant,
1920 2312 2050 2364 tota

263 2409 392 2462 rate
432 2404 498 2461 in
538 2404 850 2461 secundam
890 2424 1103 2481 aquam
1141 2404 1390 2463 labente.
1476 2402 1689 2462 Oaelius
1713 2409 1918 2461 auctor
1941 2397 2045 2478 est,
2073 2430 2098 2468 4

264 2499 583 2577 Magonem
620 2519 754 2559 cum
791 2499 1060 2575 equitatu
1096 2504 1158 2558 et
1194 2498 1482 2575 Hispanis
1508 2497 1805 2575 peditibus
1830 2497 2051 2556 flumen

262 2595 561 2673 extemplo
600 2600 880 2669 tranasse,
920 2596 1115 2673 ipsum
1159 2595 1562 2653 Hannibalem
1604 2615 1710 2673 per
1753 2596 2053 2673 superiora

264 2692 416 2752 Padi
441 2695 597 2752 vada
622 2695 945 2752 exercitum
970 2693 1318 2766 traduxisse,
1345 2693 1671 2770 elephantis
1696 2694 1761 2753 in
1787 2694 2051 2753 ordinem

264 2789 342 2847 ad
379 2790 790 2849 sustinendum
829 2789 1117 2866 impetum
1155 2789 1416 2849 fluminis
1455 2791 1751 2868 oppositis.
1839 2791 1931 2848 Ea
1955 2810 2050 2867 pe-
2075 2814 2098 2852 s

263 2884 397 2942 ritis
422 2886 611 2943 amnis
638 2885 764 2944 eius
790 2885 898 2942 vix
923 2885 1099 2942 fidem
1125 2885 1406 2961 fecerintj,
1444 2905 1583 2944 nam
1610 2906 1799 2963 neque
1825 2886 2051 2962 equites

260 2980 442 3039 armis
482 2980 762 3056 equisque
802 2980 981 3038 salvis
1018 2986 1249 3039 tantam
1288 2980 1413 3039 vim
1452 2981 1711 3039 fluminis
1750 2998 2049 3056 superasse

262 3077 394 3135 veri
432 3078 621 3135 simile
664 3084 769 3150 est,
813 3082 886 3135 ut
930 3078 1050 3135 iam
1098 3077 1400 3153 Hispanos
1445 3097 1644 3135 omnes
1690 3076 1885 3134 inflati
1932 3081 2051 3135 tra-

262 3175 537 3233 vexerint
589 3181 769 3246 utreS,
821 3180 882 3233 et
934 3175 1257 3235 multorum
1309 3176 1539 3237 dierum
1593 3175 1845 3234 circuitu
1896 3173 2049 3232 Padi

261 3275 420 3333 vada
463 3275 718 3352 petenda
765 3275 1022 3348 fuerunt,
1074 3293 1193 3350 qua
1235 3273 1528 3332 exercitus
1568 3273 1768 3351 gravis
1812 3271 2052 3349 impedi-

261 3371 479 3437 mentis
531 3370 764 3431 traduci
816 3375 1021 3447 posset.
1108 3369 1377 3429 Potiores
1429 3369 1586 3449 apud
1639 3388 1734 3429 me
1787 3374 2051 3429 auctores
2076 3377 2104 3430 Q

1714 3483 1883 3546 4-2
