2375 3842
315 240 395 302 86
1099 239 1201 300 LI
1204 237 1332 302 VII

315 396 556 467 grai-ent
580 408 781 448 omnes
806 387 1061 465 regionis
1088 388 1233 460 eiust,
1256 408 1372 465 qua
1390 388 1581 446 iturus
1602 386 1912 447 Hannibal
1931 396 2106 463 esset,

315 486 489 545 tectis
534 486 698 563 prius
739 485 994 544 incensis
1034 504 1104 543 ac
1149 485 1415 561 frugibus
1469 485 1771 562 corruptis,
1815 505 1896 544 ne
1935 487 2108 545 cuius

266 609 292 649 5
315 583 405 641 rei
450 581 619 660 copia
666 588 834 655 esset,
877 581 1003 658 ipse
1048 582 1149 639 via
1197 580 1490 639 Flaminia
1530 582 1821 658 profectus
1868 583 2108 641 obviam

316 679 542 738 consuli
566 681 959 756 exercituque,
989 697 1173 755 quum
1200 678 1275 736 ad
1301 678 1557 736 Tiberim
1583 678 1735 736 circa
1762 677 2108 738 Ocriculum

316 776 709 854 prospexisset
742 795 955 854 agmen
986 774 1399 851 consulemque
1434 795 1568 833 cum
1603 774 1903 851 equitibus
1934 776 2010 833 ad
2044 796 2110 834 se

317 871 804 949 progredientem,
832 867 1123 928 viatorem
1154 869 1338 941 misit,
1372 868 1477 946 qui
1511 870 1739 941 consuli
1776 869 2105 943 nuntiaret,

265 984 290 1024 ⁶
316 974 389 1027 ut
426 968 555 1026 sine
593 967 902 1026 lictoribus
940 968 1018 1024 ad
1055 965 1400 1023 dictatorem
1440 966 1683 1024 veniret.
1723 953 1748 1062 v
1771 966 1893 1036 Qui
1918 985 2110 1042 quum

316 1065 473 1123 dicto
499 1064 804 1141 paruisset,
834 1081 1290 1139 congressusque
1310 1081 1509 1120 eorum
1534 1062 1835 1139 ingentem
1855 1062 2110 1139 speciem

315 1161 624 1220 dictaturae
665 1160 823 1238 apud
868 1159 1029 1218 cives
1073 1158 1370 1236 sociosque
1415 1163 1712 1216 vetustate
1752 1158 1875 1216 iam
1922 1178 2110 1236 prope

314 1258 528 1317 oblitos
569 1259 696 1317 eius
747 1256 983 1334 imperii
1034 1255 1282 1327 fecisset,
1338 1255 1554 1313 litterae
1595 1255 1673 1312 ab
1716 1256 1867 1313 urbe
1909 1256 2110 1314 allatae

313 1362 470 1429 sunt,
511 1374 694 1413 naves
746 1352 1041 1413 onerarias
1089 1358 1476 1410 commeatum
1518 1352 1595 1409 ab
1640 1351 1809 1410 Ostia
1850 1351 1917 1409 in
1964 1352 2111 1411 His-

312 1453 551 1530 paniam
584 1452 663 1510 ad
693 1451 1020 1510 exercitum
1055 1454 1360 1527 portantes
1395 1468 1433 1506 a
1461 1449 1645 1506 classe
1682 1448 1912 1507 Punica
1946 1450 2108 1508 circa

266 1575 291 1612 7
312 1554 550 1627 portum
578 1548 872 1607 Cosanum
897 1554 1097 1625 captas
1123 1566 1262 1604 esse.
1334 1546 1549 1623 Itaque
1573 1546 1871 1623 extemplo
1898 1548 2110 1605 consul

313 1690 398 1730 and
435 1693 481 1729 to
517 1689 714 1739 damen
757 1644 984 1703 Ostiam
1009 1642 1298 1720 proficisci
1322 1642 1529 1716 iussus,
1560 1642 1943 1721 navibusque,
1973 1663 2110 1720 quae

313 1737 715 1830 ἦξξξοωέιξζὲῗὴξ
753 1740 829 1797 ad
871 1740 1076 1797 urbem
1131 1737 1462 1796 Romanam
1504 1745 1609 1796 aut
1655 1738 1837 1797 Ostiae
1890 1747 2106 1816 essent,

313 1830 461 1867 ‘³⁰⁸⁸ss
753 1835 1056 1913 completis
1094 1834 1284 1892 milite
1322 1853 1390 1893 ac
1422 1836 1729 1893 navalibus
1760 1836 1948 1910 sociis,
1978 1857 2110 1915 per-

264 1954 288 1993 s
313 1935 480 2012 sequi
509 1933 775 1992 hostium
801 1931 1043 1991 classem
1067 1951 1137 1990 ac
1162 1931 1340 1989 litora
1366 1930 1558 1996 Italiae
1585 1933 1787 1992 tutari.
1873 1933 2106 2012 Magna

312 2032 406 2089 vis
443 2031 750 2089 hominum
788 2028 1116 2106 conscripta
1148 2027 1354 2087 Romae
1390 2035 1556 2103 erat;
1598 2029 1869 2088 libertini
1900 2034 2104 2108 etiam,

312 2127 527 2205 quibus
564 2126 738 2185 liberi
779 2131 976 2183 essent
1013 2131 1076 2184 et
1113 2130 1257 2183 aetas
1294 2123 1583 2199 militaris,
1624 2125 1692 2184 in
1731 2130 1911 2187 verba
1948 2129 2107 2189 iura-

262 2251 288 2290 9
313 2231 539 2284 verant.
611 2224 709 2282 Ex
732 2222 844 2280 hoc
870 2222 1097 2280 urbano
1125 2221 1406 2297 exercitu,
1427 2223 1532 2299 qui
1557 2222 1813 2282 minores
1839 2226 2106 2306 quinque

312 2328 375 2382 et
404 2322 651 2399 triginta
683 2319 859 2379 annis
895 2324 1081 2393 erant,
1111 2319 1179 2376 in
1204 2337 1386 2377 naves
1409 2316 1689 2394 impositi,
1717 2320 1840 2395 alii,
1868 2328 1941 2380 ut
1965 2323 2106 2382 urbi

309 2420 706 2498 praesiderent,
749 2416 954 2477 relicti.
1084 2499 1087 2502 Ι

210 2519 284 2578 12
430 2515 721 2586 Dictator,
752 2513 1016 2571 exercitu
1042 2510 1298 2571 consulis
1323 2517 1558 2588 accepto
1584 2531 1622 2570 a
1647 2512 1865 2573 Fulvio
1891 2514 2105 2574 Flacco

309 2646 380 2732 g,
393 2631 714 2739 ,Regifflfflffl
751 2609 1119 2762 {gatmadper
1160 2626 1367 2717 agrum
1411 2606 1943 2765 {abinuigiix'l'ibpn
1983 2632 2105 2722 quo

309 2737 534 2778 Hannibal·
817 2722 910 2762 em
1091 2722 1415 2761 convemen
1454 2723 1559 2762 um
1611 2724 1644 2762 e
1751 2725 1851 2764 era
1930 2728 1974 2765 n

259 2830 283 2858 2
308 2793 392 2826 '⁸⁸
412 2747 571 2834 pomi.
586 2747 714 2787 my
749 2765 1058 2873 militibus,
1077 2800 1259 2858 venit.
1330 2798 1483 2857 Inde
1499 2799 1795 2860 Praeneste
1820 2822 1889 2862 ac
1913 2729 2105 2863 ὺιέιῖἶ

307 2902 493 2960 versis
530 2899 825 2959 limitibus
862 2898 929 2955 in
961 2895 1123 2954 viam
1155 2895 1434 2953 Latinam
1472 2902 1564 2954 est
1598 2915 1879 2973 egressus,
1919 2901 2100 2975 unde,

307 2999 619 3058 itineribus
645 3013 878 3056 summa
904 3013 1041 3052 cum
1058 3011 1201 3051 cura
1219 2991 1552 3069 exploratis,
1569 2993 1648 3051 ad
1664 2993 1895 3053 hostem
1915 2997 2101 3072 ducit,

306 3093 474 3153 nullo
520 3093 666 3167 loco,
707 3088 828 3149 nisi
865 3091 1160 3166 quantum
1199 3084 1514 3144 necessitas
1554 3093 1801 3162 cogeret,
1842 3089 2104 3150 fortunae

259 3214 284 3253 ³
306 3209 369 3248 se
403 3190 833 3249 commissurus.
866 3255 871 3262 ἢ
922 3184 1056 3255 Quo
1088 3181 1349 3260 primum
1373 3181 1469 3239 die
1494 3181 1654 3242 haud
1680 3184 1885 3260 procul
1911 3186 2105 3265 Arpis

304 3286 372 3343 in
403 3290 720 3363 conspectu
750 3282 1018 3343 hostium
1049 3279 1253 3359 posuit
1289 3283 1498 3351 castra,
1534 3278 1703 3337 nulla
1731 3300 1898 3339 mora
1921 3283 2099 3358 facta,

306 3381 452 3461 quin
494 3383 716 3444 Poenus
755 3381 1030 3440 educeret
1068 3378 1135 3435 in
1173 3375 1358 3435 aciem
1401 3373 1742 3454 copiamque
1792 3382 2112 3458 pugnandi
