2375 3842
19 2879 162 3038 ψ)

309 257 425 317 124
1089 257 1189 317 LI
1194 259 1315 318 VII

303 405 528 465 vallum
572 405 840 479 intravit,
896 408 1340 485 speculatusque
1391 407 1591 467 omnia
1636 428 1772 467 cum
1824 430 1967 468 cura
2005 430 2095 469 re-

256 502 560 576 snnntiat,
600 502 844 561 insidias
881 505 1140 581 profecto
1180 525 1337 578 esse3
1376 505 1542 581 ignes
1580 505 1648 563 in
1680 512 1852 582 parte
1879 513 2095 566 castro-

301 619 453 672 rum‚
508 618 641 677 quae
689 606 897 677 vergat
946 601 1024 659 ad
1075 601 1322 675 hostem,
1369 603 1648 676 relictos3
1714 604 2094 663 tabernacula

302 702 506 774 aperta
549 703 613 755 et
658 696 858 755 omnia
896 716 1033 755 cara
1068 697 1137 756 in
1173 704 1452 775 promptu
1490 698 1696 757 relicta
1718 720 1738 772 3
1779 706 2093 776 argentum

302 792 655 870 quibusdam
697 791 841 851 locis
885 799 1107 853 temere
1153 814 1262 871 per
1302 795 1430 853 vias
1471 795 1637 854 velut
1676 796 1970 855 obiectum
2014 798 2093 856 ad

255 913 279 952 7
303 889 557 966 praedam
601 888 833 948 vidisse.
929 890 1074 960 Quae
1118 892 1197 950 ad
1249 892 1624 951 deterrendos
1675 911 1716 951 a
1766 893 2092 970 cupiditate

303 985 526 1044 animos
551 986 831 1045 nuntiata
847 994 1036 1059 erant,
1062 1007 1132 1047 ee
1156 988 1563 1062 accenderunt,
1593 994 1656 1047 et
1679 989 1932 1049 clamore
1959 997 2093 1052 orto

303 1101 341 1141 a
364 1082 670 1156 militibus,
686 1083 754 1141 ni
777 1083 1012 1160 signum
1030 1085 1222 1158 detur,
1250 1085 1380 1144 sine
1404 1086 1651 1144 ducibus
1674 1086 1880 1159 ituros,
1909 1087 2093 1147 haud-

303 1199 595 1257 quaquam
635 1180 761 1239 dux
800 1181 1027 1254 defuit3
1086 1200 1229 1241 nam
1274 1182 1570 1259 extemplo
1607 1182 1803 1241 Varro
1855 1184 2091 1260 signum

252 1288 277 1329 s
302 1276 467 1336 dedit
490 1276 908 1354 proficiscendi.
992 1276 1234 1351 Paulus,
1262 1297 1446 1356 quum
1474 1279 1532 1337 ei
1555 1298 1662 1337 sua.
1687 1285 1894 1357 sponte
1920 1300 2092 1339 cunc-

298 1374 456 1432 tanti
493 1373 647 1451 pulli
683 1391 916 1452 quoque
954 1375 1214 1452 auspicio
1251 1395 1375 1434 non
1410 1376 1792 1449 addixissent,
1820 1377 2092 1438 nuntiari

247 1489 277 1530 9
298 1471 417 1531 iam
455 1470 720 1531 efferenti
749 1477 922 1549 porta
960 1472 1131 1548 signa
1164 1472 1398 1549 collegae
1434 1472 1624 1532 iussit.
1709 1473 1882 1543 Quod
1906 1493 2090 1551 quan·

298 1589 475 1649 quam
520 1567 718 1628 Varro
756 1586 907 1646 aegre
946 1574 1038 1627 est
1076 1587 1296 1645 passus,
1341 1569 1621 1628 Flaminii
1651 1574 1856 1630 tamen
1888 1590 2091 1630 recens

299 1684 463 1725 casus
505 1664 853 1741 Claudiique
892 1664 1146 1723 consulis
1183 1665 1378 1741 primo
1417 1664 1648 1726 Punico
1682 1667 1838 1726 bello
1875 1686 2091 1725 memo-

227 1790 276 1818 ιο
299 1769 430 1821 rata
473 1760 701 1820 navalis
746 1761 937 1819 clades
987 1760 1332 1839 religionem
1382 1761 1582 1820 animo
1632 1762 1900 1822 incussit.
2003 1763 2091 1821 Di

298 1878 476 1936 prope
517 1858 633 1936 ipsi
672 1876 743 1918 eo
784 1857 883 1917 die
926 1857 1112 1935 magis
1165 1858 1454 1918 distulere
1515 1878 1696 1936 quam
1738 1859 2089 1937 prohibuere

297 1956 701 2016 imminentem
743 1960 968 2032 pestem
1008 1953 1293 2014 Romanis
1317 1973 1338 2030 3
1377 1976 1518 2014 nam
1555 1957 1706 2015 forte
1740 1956 1833 2014 ita
1866 1957 2088 2031 evenit,

296 2057 383 2126 ut,
413 2072 595 2131 quum
622 2052 828 2111 referri
852 2052 1020 2129 signa
1044 2051 1110 2111 in
1143 2058 1336 2111 castra
1359 2053 1592 2112 iubenti
1617 2053 1844 2112 consuli
1866 2054 2089 2113 milites

226 2177 270 2205 ιι
296 2170 418 2210 non
455 2155 744 2228 parerent,
773 2148 931 2210 servi
966 2150 1100 2223 duo,
1130 2149 1434 2208 Formiani
1460 2169 1632 2222 unus,
1660 2148 1813 2208 alter
1840 2149 2089 2210 Sidicini

296 2247 529 2326 equitis,
583 2245 689 2325 qni
741 2232 990 2306 Servilio
1043 2252 1223 2323 atque
1275 2246 1470 2305 Atilio
1532 2246 1869 2305 consulibus
1926 2246 2091 2305 inter

295 2344 664 2424 pabulatores
709 2342 941 2421 excepti
984 2363 1021 2401 a
1073 2342 1352 2401 Numidis
1403 2342 1655 2416 fueraut,
1708 2342 2091 2420 profugerent

296 2461 365 2502 eo
396 2442 495 2501 die
518 2442 596 2501 ad
631 2440 897 2500 dominos
921 2461 942 2515 3
981 2440 1335 2517 deductique
1370 2440 1448 2498 ad
1488 2440 1753 2498 consules
1784 2440 2086 2512 nuntiant,

295 2558 528 2599 omnem
564 2537 889 2597 exercitum
922 2536 1286 2596 Hannibalis
1324 2543 1489 2595 trans
1524 2537 1822 2613 proximos
1857 2543 2089 2596 montes

224 2657 270 2685 ¹2
295 2636 493 2695 sedere
530 2634 599 2693 in
629 2633 876 2694 insidiis.
960 2633 1199 2693 Horum
1234 2637 1601 2711 opportunus
1635 2633 1930 2692 adventus
1957 2653 2091 2692 cou-

295 2732 448 2790 sules
492 2729 728 2807 imperii
778 2734 1049 2807 potentes
1100 2729 1258 2803 fecit,
1308 2748 1494 2806 quum
1543 2729 1791 2788 ambitio
1842 2730 2090 2789 alterius

293 2848 462 2888 suam
495 2828 753 2905 primum
792 2827 952 2904 apud
986 2846 1082 2886 eos
1107 2846 1296 2904 prava
1320 2825 1689 2903 indulgentia
1713 2827 2086 2886 maiestatem

292 2926 579 2985 solvisset.
1225 2935 1230 2938 ⁴

189 3024 267 3086 43
412 3020 723 3081 Hannibal
768 3026 1077 3099 postquam
1120 3025 1311 3078 motos
1363 3019 1550 3096 magis
1595 3019 1924 3079 inconsulte
1969 3018 2092 3079 Ro-

291 3139 423 3179 wmt
446 3139 493 3180 or
513 3139 694 3225 suffue-
732 3135 936 3174 manos
976 3135 1155 3193 quam
1186 3115 1266 3173 ad
1294 3115 1572 3174 ultimum
1609 3121 1829 3173 temere
1854 3122 2090 3177 evectos

291 3185 428 3271 &12⁰⁰oess
444 3186 611 3280 Quo,
628 3196 692 3226 ’θ’
729 3212 903 3285 vidit,
939 3211 1329 3289 nequicquam
1361 3210 1585 3269 detecta
1621 3209 1828 3269 fraude
1866 3211 1936 3269 in
1970 3231 2093 3272 ces-

242 3328 268 3359 ι
294 3312 386 3364 tra
415 3306 613 3366 rediit.
696 3307 796 3366 Ibi
830 3308 1028 3385 plures
1068 3307 1195 3365 dies
1233 3312 1473 3384 propter
1505 3306 1765 3383 inopiam
1800 3307 2090 3369 frumenti

293 3421 524 3462 manere
575 3404 800 3481 nequit,
855 3423 1126 3483 novaque
1178 3403 1422 3462 consilia
1466 3403 1533 3461 in
1587 3403 1711 3462 dies
1755 3423 1880 3463 non
1926 3406 2088 3483 apud
