2375 3842
348 238 425 295 20
1129 204 1357 293 ιἸνῙῙ

343 384 777 461 disceptationis
815 402 908 441 res
942 387 1112 455 esset,
1154 381 1301 460 quid
1344 381 1534 440 foedus
1565 382 1957 443 Hasdmbalis
1994 404 2125 445 eum

341 480 570 538 Lutatii
613 480 808 557 priore
845 479 1074 551 foedere,
1118 479 1276 555 quod
1313 485 1606 537 mutatum
1646 485 1752 552 est,
1798 499 2132 558 comparan-

290 607 314 644 3
341 578 481 635 dum
527 582 670 650 erat,
714 595 897 654 quum
942 576 1009 633 in
1055 575 1286 633 Lutatii
1337 576 1551 634 foedere
1604 575 1818 635 diserte
1862 577 2127 637 additum

246 730 251 735 .
339 681 506 745 esset,
536 673 623 730 ita
648 673 713 731 id
738 679 936 731 ratum
962 673 1099 744 fore,
1128 672 1182 729 si
1221 673 1472 749 populus
1506 673 1837 745 censuisset,
1875 673 1942 731 in
1974 674 2130 734 Has-

339 768 600 828 drubalis
625 771 837 828 foedere
862 789 970 827 nec
994 776 1309 845 exceptum
1341 770 1461 826 tale
1492 769 1804 846 quicquam
1841 770 2036 843 fuerit,
2059 778 2130 830 -et

338 860 431 922 tot
477 885 764 923 annorum
819 866 1054 924 silentio
1100 865 1187 923 ita
1246 865 1384 923 vivo
1437 885 1507 923 eo
1558 866 1995 942 comprobatum
2047 868 2129 926 sit

339 961 540 1034 foedus,
570 968 640 1020 ut
675 982 751 1020 ne
789 968 1021 1020 mortuo
1058 961 1294 1038 quidem
1328 967 1565 1020 auctore
1599 961 1910 1039 quicquam
1940 969 2128 1023 muta-

288 1085 311 1119 ⁴
339 1060 536 1117 returv
621 1059 988 1135 Quanquam,
1035 1058 1148 1116 etsi
1189 1059 1382 1134 priore
1413 1059 1630 1116 foedere
1673 1064 1943 1132 staretur,
1981 1060 2125 1119 satis

337 1159 574 1212 cautum
621 1163 747 1213 erat
793 1154 1147 1231 Saguntinis,
1196 1154 1365 1212 sociis
1410 1161 1795 1232 utrorumque
1835 1158 2122 1234 exceptis3

336 1270 473 1309 nam
512 1271 702 1328 neque
741 1251 1008 1309 additum
1049 1256 1177 1308 erat
1221 1251 1354 1323 “iis‚
1397 1251 1502 1327 qui
1540 1257 1685 1310 tunc
1721 1253 1969 1325 essent,''
1995 1274 2120 1325 nec,

287 1376 308 1410 5
340 1353 376 1380 “
393 1366 470 1404 ne
522 1348 630 1423 qui
678 1355 882 1424 postea
902 1347 1408 1415 assummum?
1485 1347 1571 1405 Et
1609 1367 1792 1425 quum
1831 1368 2123 1410 assumere
2211 1346 2218 1350 ’

334 1462 514 1503 novos
560 1445 761 1501 liceret
813 1443 1012 1516 socios,
1076 1443 1210 1519 quis
1258 1463 1489 1521 aequum
1542 1451 1817 1517 censeret,
1879 1453 1986 1504 aut
2042 1449 2122 1505 ob

335 1542 498 1599 nulla
522 1559 874 1617 quemquam
898 1540 1112 1597 merita
1144 1539 1212 1597 in
1245 1541 1564 1599 amicitiam
1590 1541 1770 1618 recipi
1799 1548 1905 1603 aut
1927 1563 2119 1620 rocep-

334 1646 425 1694 tos
451 1636 516 1693 in
555 1637 729 1694 fidem
761 1655 882 1693 non
907 1635 1154 1709 defendi,
1183 1642 1420 1694 tantum
1445 1656 1523 1694 ne
1550 1636 2117 1714 Carthaginiensium
2227 1636 2254 1675 ·’

339 1735 482 1793 socii
508 1740 612 1791 aut
641 1732 1096 1791 sollicitarentur
1119 1734 1197 1791 ad
1221 1734 1602 1792 defectionem
1637 1740 1743 1791 aut
1778 1755 1885 1793 sua
1909 1743 2124 1812 sponte

336 1831 715 1900 desciscentes
739 1830 1168 1907 reciperentur?
2115 1810 2146 1919 ’Ξ

283 1957 307 1995 ⁶
451 1928 658 2005 Legati
685 1927 939 1985 Romani
965 1929 1040 1995 ab
1064 1927 1437 2003 Carthagine,
1476 1927 1630 1984 sicut
1666 1926 1741 1985 iis
1776 1927 1980 1985 Romae
2012 1928 2118 1987 im-

331 2044 418 2083 τιιο
456 2042 620 2084 Roman
659 2052 729 2098 ῳ.
767 2030 1035 2101 peratum
1072 2029 1220 2096 erat,
1253 2024 1320 2081 in
1360 2023 1728 2099 Hispaniam,
1772 2030 1844 2081 ut
1884 2024 2117 2082 adirent

329 2089 728 2187 Ess'ssssssffssff‘mssffi
766 2124 1036 2183 civitates
1068 2128 1132 2180 et
1163 2122 1231 2179 in
1264 2121 1597 2179 societatem
1636 2119 1974 2197 pellicerent
2010 2130 2118 2181 aut

282 2261 302 2296 7
329 2191 424 2267 {3¹²⁰
501 2181 570 2221 the
598 2181 726 2229 Spa-
773 2227 1107 2287 averterent
1171 2240 1210 2278 a
1262 2219 1476 2291 Poenis,
1532 2218 1900 2279 traiecerunt.
2008 2220 2113 2279 Ad

330 2319 640 2399 Bargusios
664 2319 919 2396 primum
948 2322 1253 2388 venerunt,
1283 2336 1321 2374 a
1346 2316 1559 2393 quibus
1585 2316 1835 2392 benigne
1860 2316 2107 2394 excepti,

327 2416 466 2492 quia
509 2417 761 2475 taedebat
805 2414 1038 2491 imperii
1085 2413 1312 2485 Punici,
1356 2414 1574 2470 multos
1612 2419 1777 2470 trans
1816 2412 2111 2472 Hiberum

278 2536 300 2572 8
326 2498 566 2589 populos
604 2513 679 2571 ad
720 2511 1052 2587 cupidinem
1090 2529 1259 2569 novae
1297 2508 1546 2566 fortunae
1593 2515 1923 2567 erexerunt.
2003 2510 2110 2567 Ad

332 2608 640 2667 Volcianos
674 2607 814 2664 inde
844 2612 934 2664 est
972 2611 1234 2676 ventum,
1276 2623 1527 2681 quorum
1566 2606 1788 2664 celebre
1825 2623 1931 2682 per
1968 2604 2110 2662 His-

324 2705 558 2781 paniam
585 2720 922 2779 responsum
950 2707 1170 2759 ceteros
1195 2701 1444 2778 populos.
1473 2702 1550 2759 ab
1583 2702 1861 2760 societate
1895 2701 2108 2759 Roma-

323 2822 401 2859 na
426 2799 656 2858 avertit.
696 2780 701 2789 Δ
742 2799 842 2855 Ita
865 2797 1023 2856 enim
1048 2797 1342 2857 maximus
1367 2803 1516 2855 natu
1540 2817 1619 2856 ex
1655 2797 1731 2854 iis
1765 2797 1833 2855 in
1861 2797 2105 2855 concilio

272 2929 295 2965 9
324 2896 647 2974 respondit:
697 2893 887 2964 “Quae
934 2894 1286 2956 verecundia
1330 2900 1435 2966 est,
1487 2893 1757 2965 Romani,
1806 2893 2103 2970 postulare

324 3012 440 3066 vos,
476 2991 567 3049 uti
606 2998 861 3049 vestram
901 2990 1470 3066 Carthaginiensium
1505 2989 1776 3048 amicitias
1811 3008 2103 3067 praepone„

321 3109 464 3162 mus,
508 3108 706 3166 quum,
751 3088 854 3165 qui
891 3088 955 3146 id
992 3088 1273 3160 fecerunt,
1315 3087 1623 3158 crudelius,
1665 3105 1841 3163 quam
1882 3086 2104 3145 Poenus

245 3222 293 3250 ιο
320 3186 503 3246 hostis
546 3186 817 3264 perdidit,
864 3204 969 3243 vos
1014 3184 1155 3243 socii
1206 3183 1607 3262 prodideritis‘l
1684 3183 1783 3241 Ibi
1828 3182 2100 3261 quaeratis

202 3330 205 3335 ,
319 3283 499 3342 socios
536 3302 753 3357 censeo,
796 3282 900 3340 ubi
941 3282 1269 3359 Saguntina
1313 3280 1504 3339 clades
1543 3280 1746 3358 ignota
1790 3286 1882 3339 est
1891 3300 1911 3354 3
1951 3279 2099 3339 His-¹

316 3379 485 3459 panis
522 3380 753 3458 populis
795 3380 949 3438 sicut
982 3381 1248 3457 lugubre,
1291 3379 1379 3438 ita
1416 3378 1645 3457 insigne
1684 3379 2095 3439 documentum
