2375 3842
334 216 408 275 16
978 282 984 290 k
1115 215 1349 274 ΜΠ]

224 363 298 421 15
329 370 494 422 entes
536 364 838 422 fecerunt?
942 362 1196 438 Captum
1250 361 1529 438 oppidum
1573 367 1665 419 est
1711 381 1845 419 cum
1892 362 2119 439 ingenti

327 460 539 537 praeda.
625 459 979 536 Quanquam
1013 459 1291 536 pleraque
1326 459 1403 516 ab
1441 458 1693 515 dominis
1720 458 1793 516 de
1828 458 2122 517 industria

329 562 604 632 corrupta
630 563 811 629 erant,
833 562 896 614 et
911 557 973 613 in
992 556 1246 613 oaedibus
1265 554 1372 612 vix
1390 554 1579 612 ullum
1599 554 1911 613 discrimen
1930 557 2121 614 aetatis
2231 561 2239 567 '

277 672 301 700 ο
330 652 420 709 ira
443 653 678 726 fecerat,
709 659 771 710 et
796 651 1018 729 captivi
1044 651 1306 710 militum
1332 651 1527 727 praeda
1551 652 1803 722 fuerant,
1835 657 2033 710 tamen
2059 661 2120 719 et
2214 660 2222 670 ‘

330 767 409 806 ex
452 749 642 826 pretio
680 768 877 807 rerum
917 748 1291 806 venditarum
1331 749 1700 826 aliquantum
1738 749 1998 825 pecuniae
2036 768 2120 807 re-

327 845 567 903 dactum
593 864 719 903 esse
743 850 972 903 constat
998 851 1060 903 et
1083 846 1336 902 multam
1362 847 1674 922 pretiosam
1700 844 2119 922 supellectilem

329 947 672 1020 vestemque
703 941 939 1000 missam
967 941 1396 1018 Carthaginem.

276 1058 301 1097 3
452 1039 675 1099 Octavo
714 1058 932 1111 mense,
973 1058 1154 1116 quam
1195 1046 1450 1116 coeptum
1495 1038 1837 1117 oppugnari,
1871 1044 2117 1116 captum

550 1183 569 1220 t
605 1183 730 1220 state-
769 1136 1097 1214 Saguntum
1122 1137 1364 1214 quidam
1390 1136 1669 1213 scripsere
1677 1155 1696 1208 ;
1722 1135 1862 1199 inde
1880 1136 2121 1194 Cartha·

326 1230 573 1359 ffiffie
584 1229 732 1313 3322}
772 1232 966 1309 ginem
1007 1233 1256 1340 ‘Novam
1277 1328 1290 1340 ·
1310 1234 1399 1385 iz,
1427 1232 1674 1384 {iberdna
1717 1231 2118 1291 Hannibalem

771 1347 1114 1387 concessisse
1135 1349 1149 1362 ·
1232 1348 1337 1386 um
1480 1347 1576 1384 em
1617 1346 1650 1384 e
1684 1346 1899 1399 mense,
1981 1344 2118 1384 uam

327 1425 404 1483 ab
454 1424 808 1502 Carthagine
854 1374 1150 1502 profectus
1189 1347 1299 1497 ἶίῢ,
1355 1424 1421 1481 in
1474 1424 1714 1481 Italiam
1767 1345 2113 1501 pervecrliisse.

280 1544 300 1578 ⁴
332 1520 476 1591 Quae
513 1523 564 1580 si
598 1524 685 1580 ita
714 1528 869 1595 sunt,
905 1522 1034 1579 fieri
1068 1541 1190 1579 non
1230 1522 1442 1598 potuit,
1470 1525 1542 1578 ut
1574 1520 1641 1579 P.
1675 1518 1995 1592 Cornelius,
2025 1519 2111 1576 Ti.

332 1617 708 1695 Sempronius
746 1619 1012 1676 eonsules
1047 1618 1285 1689 fuerint,
1311 1618 1386 1674 ad
1425 1635 1570 1692 quos
1606 1623 1668 1674 et
1700 1616 1987 1692 principio
2023 1635 2118 1691 op-

332 1714 708 1792 pugnationis
748 1714 928 1790 legati
960 1713 1278 1790 Saguntini
1314 1713 1481 1770 missi
1511 1712 1634 1770 sint
1672 1719 1734 1770 et
1773 1712 1879 1790 qui
1916 1712 1994 1770 in·
2011 1731 2117 1770 sue

334 1810 680 1888 magistratu
720 1830 853 1869 cum
881 1810 1239 1882 Hannibale,
1269 1809 1422 1867 alter
1450 1809 1527 1866 ad
1560 1808 1831 1867 Ticinum
1865 1826 2112 1880 amnem,

284 1946 307 1984 ⁵
333 1909 504 1967 ambo
539 1908 844 1986 aliquanto
879 1914 1012 1985 post
1051 1907 1128 1964 ad
1169 1905 1458 1979 Trebiam,
1496 1905 1902 1983 pugnaverint.
1984 1903 2118 1962 Aut

332 2006 530 2066 omnia
571 2006 840 2064 breviora
879 2005 1182 2081 aliquanto
1230 2004 1409 2075 fuere,
1452 2009 1558 2061 aut
1597 2002 1925 2078 Saguntum
1962 2000 2120 2077 prin-

333 2104 485 2182 cipio
523 2101 684 2176 anni,
713 2121 829 2178 quo
865 2100 933 2162 P.
967 2100 1288 2174 Cornelius,
1331 2100 1419 2159 Ti.
1451 2097 1827 2176 Sempronius
1856 2097 2118 2156 consules

282 2209 309 2262 6
332 2201 591 2273 fuerunt,
611 2218 733 2257 non
758 2205 1011 2276 coeptum
1038 2197 1364 2274 oppugnari
1389 2202 1493 2269 est,
1524 2196 1625 2254 sed
1650 2201 1903 2272 captum.
1958 2193 2118 2252 Nam

332 2297 643 2356 excessisse
667 2314 867 2373 pugna
898 2296 975 2353 ad
1000 2295 1273 2353 Trebiam
1302 2294 1371 2351 in
1405 2312 1628 2351 annum
1656 2291 1762 2361 Qn.
1797 2291 2033 2350 Servilii
2059 2301 2121 2349 et

334 2394 400 2453 O.
446 2392 726 2453 Flaminii
770 2411 891 2449 non
932 2397 1145 2468 potest,
1194 2392 1335 2467 quia
1376 2389 1440 2448 O.
1491 2388 1816 2447 Flaminius
1855 2388 2122 2446 Arimini

335 2492 702 2550 consulatum
733 2488 889 2559 iniit,
918 2495 1147 2546 creatus
1173 2506 1211 2544 a
1243 2486 1331 2545 Ti.
1363 2484 1706 2563 Sempronio
1740 2487 1991 2556 consule,
2017 2483 2122 2559 qui

333 2592 467 2664 post
491 2603 743 2662 pugnam
773 2582 848 2640 ad
873 2583 1143 2642 Trebiam
1169 2582 1244 2640 ad
1273 2581 1551 2639 creandos
1576 2582 1841 2640 consules
1869 2581 2120 2638 Romam

334 2701 519 2758 quum
557 2679 831 2751 venisset,
869 2678 1122 2736 comitiis
1153 2677 1426 2755 perfectis
1464 2678 1542 2735 ad
1579 2677 1904 2736 exercitum
1944 2678 2009 2734 in
2036 2677 2121 2734 hi-

335 2778 517 2836 berna
540 2774 734 2834 rediit.

233 2872 310 2933 16
456 2872 581 2932 Sub
595 2871 753 2930 idem
772 2870 892 2929 fere
908 2878 1139 2947 tempus
1159 2877 1221 2929 et
1236 2872 1434 2949 legati,
1457 2871 1563 2947 qui
1582 2872 1877 2930 redierant
1895 2871 1970 2930 ab
1989 2870 2128 2947 Qar-

322 3001 592 3089 .fflgm,0„
640 3001 728 3043 „d
767 2967 1020 3045 thagine‚
1035 2969 1285 3026 Romam
1295 2968 1669 3040 rettulerunt,
1681 2968 2122 3027 omniabostilia

479 3051 526 3090 ⁸¹²
541 3049 684 3091 ΒΜ*
766 3084 907 3137 esse,
936 3070 999 3124 et
1025 3065 1279 3141 Sagunti
1316 3066 1611 3124 excidium
1635 3065 1978 3124 nuntiatum
2004 3070 2094 3122 est
2102 3082 2120 3136 3

288 3188 313 3217 n
335 3163 651 3236 tantusque
667 3159 844 3217 simul
865 3180 1071 3219 maeror
1089 3167 1286 3251 Q
1305 3162 1814 3240 misericordiaque
1833 3162 2120 3220 sociorum

334 3261 764 3330 peremptorum
790 3254 1031 3333 indigne
1066 3261 1128 3314 et
1163 3258 1352 3333 pudor
1380 3275 1501 3314 non
1531 3256 1644 3315 lati
1683 3254 1895 3315 auxilii
1932 3259 1995 3311 et
2033 3253 2121 3309 ira

333 3349 401 3406 in
441 3347 948 3429 Carthaginienses
985 3358 1295 3432 metusque
1334 3354 1406 3412 de
1446 3372 1673 3412 summa
1713 3370 1912 3411 rerum
1948 3348 2117 3425 cepit,
