2375 3842
919 216 1180 276 LIBER
1235 214 1447 275 XXII.
1969 219 2081 277 145

294 369 564 429 centibus
598 366 792 447 priore
819 365 1049 426 Punico
1079 366 1235 425 bello
1277 364 1631 443 Calpurnius
1669 366 1938 425 Flamma
1972 375 2087 426 tre-

292 467 480 527 centis
517 464 883 538 voluntariis,
926 483 1110 542 quum
1150 464 1228 522 ad
1265 464 1564 522 tumulum
1603 482 1702 522 eos
1737 462 2084 541 capiendum

292 563 476 621 situm
510 563 668 620 inter
704 560 926 619 medios
967 559 1206 618 duceret
1242 559 1459 634 hostes,
1504 558 1661 617 dixit
1702 564 1719 596 ‘
1735 559 2084 631 Mor-iamur,

291 659 526 734 milites,
547 664 606 716 et
631 663 820 715 morte
845 662 1050 715 nostra
1075 656 1394 733 eripiamus
1419 676 1497 715 ex
1523 657 1823 715 obsidione
1846 657 2086 715 circum-

296 762 498 815 ventas
540 754 846 831 legiones,'
894 752 947 811 si
985 753 1097 811 hoc
1150 752 1218 811 P.
1272 753 1652 830 Sempronius
1698 754 1934 827 diceret,
1974 776 2083 816 nec
2107 789 2156 816 η

289 854 450 912 viros
501 851 772 929 equidem
813 869 920 909 nec
976 850 1277 908 Romanos
1315 869 1424 909 vos
1468 851 1755 925 ducerem,
1804 852 1856 909 si
1908 871 2083 911 nemo

290 958 473 1010 tantae
493 950 736 1008 virtutis
763 949 1089 1007 exstitisset
1114 967 1321 1006 comes.
1380 947 1565 1005 Viam
1589 967 1711 1006 non
1736 949 1811 1006 ad
1836 949 2081 1024 gloriam

288 1050 472 1126 magis
498 1069 676 1127 quam
701 1048 778 1106 ad
804 1047 1055 1105 salutem
1090 1047 1376 1105 ferentem
1402 1046 1763 1104 demonstrat
1781 1067 1800 1121 3
1842 1047 2082 1106 reduces

288 1149 354 1205 in
394 1147 644 1226 patriam
684 1146 755 1203 ad
799 1150 1085 1222 parentes,
1129 1145 1204 1201 ad
1246 1142 1521 1219 coniuges
1555 1162 1622 1201 ac
1666 1142 1879 1222 liberos
1917 1143 2075 1203 facit.

290 1246 384 1304 Ut
409 1244 738 1316 servemini,
771 1242 934 1300 deest
957 1241 1126 1300 vobis
1153 1241 1412 1298 animus:
1447 1240 1607 1318 quid,
1636 1240 1687 1297 si
1713 1240 2081 1299 moriendum

289 1363 394 1420 pro
420 1341 612 1419 patria
638 1345 805 1412 esset,
834 1338 1136 1397 faceretis?
1172 1336 1621 1414 Quinquaginta
1646 1337 1833 1395 millia
1859 1336 2079 1396 civium

289 1441 689 1515 sociorumque
724 1436 877 1495 circa
902 1455 1008 1494 vos
1033 1455 1102 1494 eo
1136 1436 1268 1512 ipso
1298 1435 1396 1492 die
1422 1454 1569 1493 caesa
1601 1435 1810 1494 iacent.
1896 1435 1963 1495 Si
1986 1442 2080 1494 tot

289 1535 555 1612 exempla
580 1534 822 1593 virtutis
857 1553 978 1591 non
1012 1537 1270 1606 movent,
1300 1531 1453 1590 nihil
1487 1551 1751 1609 unquam
1779 1534 2040 1593 movebit
2059 1554 2080 1605 ,·

287 1631 341 1689 si
380 1636 552 1689 tanta
598 1628 788 1687 clades
834 1628 1014 1686 vilem
1059 1627 1250 1685 vitam
1296 1646 1418 1684 non
1468 1627 1627 1702 fecit,
1676 1628 1842 1686 nulla
1883 1630 2073 1688 faciet.

287 1725 488 1784 Liberi
513 1731 691 1801 atque
716 1724 1035 1782 incolumes
1062 1723 1385 1781 desiderate
1411 1723 1693 1800 patriam3
1725 1724 1906 1783 immo
1934 1725 2077 1784 desi·

287 1822 502 1894 derate,
531 1820 673 1877 dum
700 1819 893 1896 patria
919 1825 1025 1891 est,
1055 1818 1196 1875 dum
1218 1818 1372 1876 cives
1399 1818 1524 1876 eius
1551 1819 1728 1879 estis!
1765 1839 1891 1878 sero
1918 1839 2076 1878 nunc

286 1918 641 1991 desideratis,
692 1915 983 1974 deminuti
1029 1916 1237 1992 capite,
1284 1916 1615 1974 abalienato
1655 1916 1784 1975 iure
1838 1917 2071 1990 civium,

285 2016 439 2074 servi
467 2013 1040 2091 Carthaginiensium
1068 2012 1225 2073 facti.
1316 2012 1517 2071 Pretio
1543 2013 1793 2071 redituri
1819 2014 1961 2072 estis
1987 2034 2072 2086 ec,

284 2113 485 2170 unde
468 2112 706 2188 lgnavia
732 2130 800 2168 ac
826 2109 1093 2186 nequitia
1111 2110 1353 2168 abistis?
1376 2108 1443 2167 P.
1451 2109 1863 2188 Sempronium
1885 2112 2075 2169 civem

283 2215 546 2266 vestrum
567 2226 683 2264 non
707 2207 955 2264 audistis
976 2224 1139 2263 arma
1156 2225 1360 2282 capere
1379 2226 1447 2263 ac
1467 2206 1632 2281 sequi
1658 2225 1719 2264 se
1746 2207 2073 2280 iubentem3

285 2303 681 2362 Hannibalem
723 2308 858 2380 post
895 2302 1072 2379 paulo
1112 2302 1360 2360 audistis
1392 2307 1583 2359 castra
1611 2303 1781 2378 prodi
1816 2310 1877 2361 et
1912 2323 2074 2361 arma

284 2398 443 2457 tradi
465 2398 782 2461 iubentem.
870 2400 1223 2474 Quanquam
1250 2417 1355 2474 ego
1379 2398 1677 2475 ignaviam
1712 2399 1959 2458 istorum
1986 2421 2075 2461 ac-
2099 2432 2146 2469 η

283 2516 437 2571 cus0,
469 2514 653 2572 quum
693 2495 880 2553 scelus
913 2496 1130 2573 possim
1162 2509 1443 2553 accusare.
1529 2493 1671 2552 Non
1706 2497 1878 2554 modo
1915 2499 2073 2556 enim

281 2594 447 2671 sequi
485 2599 830 2654 recusarunt
864 2594 1012 2650 bene
1047 2598 1402 2665 monentem,
1431 2593 1532 2650 sed
1557 2591 1841 2651 ¹obsistere
1880 2614 1948 2652 ac
1987 2614 2073 2653 re-

280 2691 470 2747 tinere
517 2689 713 2747 conati
758 2692 914 2761 sunt,
963 2688 1031 2744 ni
1076 2688 1298 2745 strictis
1343 2688 1553 2765 gladiis
1605 2688 1721 2746 viri
1767 2690 2086 2749 fortissimi·

281 2787 498 2846 inertes
538 2784 1005 2843 summovissent.
1090 2783 1284 2858 Prius,
1325 2785 1585 2863 inquam,
1629 2787 1697 2846 P.
1731 2789 2070 2866 Sempronio

279 2903 385 2961 per
408 2883 630 2942 civium
656 2897 865 2958 agmen
885 2900 1060 2958 quam
1082 2901 1187 2959 per
1213 2881 1471 2940 hostium
1490 2883 1606 2941 fuit
1626 2886 2064 2961 erumpendum.

2107 974 2155 1012 ι3

2105 1272 2153 1309 14

2103 1753 2149 1790 ¹⁵

2103 2035 2265 2339 ⁶,

2139 2311 2227 2427 Κ,

280 2978 413 3037 Hos
459 2979 613 3036 cives
660 2978 853 3053 patria
898 2977 1202 3050 desideret,
1249 2997 1497 3055 quorum
1538 2979 1590 3037 si
1627 2982 1806 3038 ceteri
1851 2981 2069 3039 similes
2094 3003 2143 3042 ιε

279 3075 540 3147 fuissent,
591 3075 887 3133 neminem
928 3074 1101 3132 hodie
1144 3094 1221 3133 ex
1261 3075 1353 3149 iis,
1397 3076 1502 3152 qui
1540 3076 1617 3133 ad
1658 3077 1889 3135 Cannas
1927 3097 2069 3155 pug-

279 3176 589 3243 naverunt,
618 3172 808 3230 civem
845 3172 1125 3231 haberet?
1206 3173 1305 3231 Ex
1340 3174 1603 3231 millibus
1636 3182 1857 3251 septem
1885 3195 2067 3233 arma»
2094 3201 2142 3240 19

279 3274 477 3326 torum
503 3269 763 3326 sexcenti
790 3271 1161 3343 exstiterunt,
1187 3272 1294 3347 qui
1318 3289 1620 3347 erumpere
1646 3273 1944 3346 auderent,
1964 3274 2068 3351 qui

277 3368 343 3425 in
368 3368 622 3445 patriam
646 3368 819 3426 liberi
845 3373 1023 3445 atque
1055 3368 1269 3428 armati
1303 3369 1581 3444 redirent,
1611 3389 1799 3447 neque
1824 3370 1916 3428 his
1943 3389 2069 3429 sex-

450 3498 505 3545 o.
536 3497 593 3547 L.
1707 3481 1712 3486 ’
1813 3486 1894 3548 10
