2375 3842
362 237 478 301 142
820 208 824 212 ’
984 239 989 244 ·
1140 240 1372 305 LJVJJ

306 407 332 447 ⁶
359 383 695 451 Romanum
731 385 983 449 militem
1019 394 1257 463 restare,
1290 394 1435 447 tunc
1474 386 1711 446 demum
1748 385 1908 464 pacti
1946 405 2137 444 sumus

355 489 629 565 pretium,
664 507 781 565 quo
819 487 1108 565 redempti
1147 487 1594 557 dimitteremur,
1632 503 1797 542 arma
1828 483 1895 540 in
1930 483 2136 560 quibus

308 598 331 636 7
354 583 507 641 nihil
532 583 650 641 iam
676 581 887 641 auxilii
913 587 1057 653 erat,
1084 581 1244 640 hosti
1274 579 1639 639 tradidimus,
1724 577 1980 635 Maiores
2005 596 2135 654 quo-

353 698 466 756 que
501 698 902 756 acceperamus
934 697 997 737 se
1022 698 1059 736 a
1086 678 1274 736 Gallis
1308 696 1451 735 auro
1484 674 1809 748 redemisse,
1851 679 1913 733 et
1944 680 2134 751 patres

357 782 591 849 vestros,
633 775 1152 852 asperrimosillos
1191 774 1268 833 ad
1309 773 1674 833 condiciones
1711 771 1886 849 pacis,
1921 771 2133 846 legatos

349 875 549 928 tamen
607 871 972 948 captivorum
1025 870 1500 927 redimendorum
1564 867 1754 944 gratia
1818 867 2131 924 Tarentum

300 988 325 1027 8
348 965 586 1025 misisse.
669 966 865 1043 Atqui
899 973 962 1025 et
999 967 1076 1025 ad
1100 965 1307 1024 Aliam
1347 984 1481 1022 cum
1508 962 1695 1021 Gallis
1730 967 1794 1020 et
1830 962 1906 1019 ad
1945 961 2131 1022 Hera-

347 1064 531 1123 cleam
576 1074 710 1123 cum
757 1065 990 1142 Pyrrho
1036 1072 1289 1140 utraque
1334 1081 1457 1120 non
1506 1066 1633 1118 tam
1684 1058 1848 1117 clade
1897 1058 2155 1149 infamis,

345 1179 525 1237 quam
554 1179 768 1239 pavore
807 1168 871 1219 et
900 1162 1040 1239 fuga
1077 1180 1276 1239 pugna
1311 1159 1448 1217 fuit.
1533 1157 1866 1216 Cannenses
1900 1173 2129 1231 campos

343 1257 540 1315 acervi
577 1258 982 1317 Romanorum
1019 1276 1326 1334 corporum
1359 1259 1585 1333 tegunt,
1616 1272 1725 1311 nec
1758 1270 2128 1330 supersumus

341 1371 571 1429 pugnae,
610 1352 730 1411 nisi
767 1354 833 1411 in
873 1354 1086 1431 quibus
1123 1351 1485 1412 trucidandis
1525 1357 1586 1408 et
1616 1351 1839 1408 ferrum
1872 1354 1935 1407 et
1973 1349 2127 1407 vires

292 1477 321 1517 9
340 1449 567 1507 hostem
593 1450 946 1510 defecerunt.
1009 1450 1164 1509 Sunt
1189 1451 1371 1509 etiam
1398 1450 1469 1508 de
1494 1447 1713 1508 nostris
1739 1447 1993 1525 quidam,
2023 1446 2126 1524 qui

339 1564 414 1603 ne
440 1544 507 1603 in
522 1547 654 1605 ‘ac'ie
681 1547 917 1624 quidem
942 1548 1201 1619 fuerunt,
1230 1548 1333 1606 sed
1367 1546 1639 1624 praesidio
1675 1543 1882 1603 castris
1916 1543 2123 1617 relicti,

338 1659 523 1716 quum
563 1648 754 1700 castra
797 1643 1183 1715 traderentur,
1228 1643 1294 1700 in
1345 1646 1693 1719 potestatem
1734 1638 1994 1697 hostium
2032 1658 2127 1697 ve-

263 1771 314 1798 ιο
337 1742 571 1798 nerunt.
655 1737 842 1796 Haud
884 1739 1153 1814 equidem
1194 1739 1376 1796 ullius
1415 1738 1564 1796 civis
1603 1741 1665 1794 et
1711 1736 2124 1795 commilitonis

334 1831 588 1892 fortunae
628 1840 734 1892 aut
778 1834 1104 1892 condicioni
1140 1833 1394 1907 invideo,
1438 1852 1546 1890 nec
1584 1829 1899 1909 premendo
1938 1831 2123 1889 alium

333 1949 429 1988 me
475 1931 757 1989 extulisse
798 1931 1014 1990 velim:
1054 1951 1131 1989 ne
1173 1931 1269 1988 illi
1304 1930 1557 2008 quidem,
1600 1927 1717 1986 nisi
1757 1928 2123 2005 pernicitatis

332 2024 552 2100 pedum
591 2031 654 2084 et
694 2045 897 2085 cursus
935 2026 1174 2102 aliquod
1215 2027 1522 2103 praemium
1561 2030 1667 2098 est,
1709 2024 1816 2101 qui
1856 2023 2123 2102 plerique

331 2121 584 2180 inermes
609 2143 685 2181 ex
711 2123 834 2181 acie
860 2122 1151 2201 fugientes
1176 2123 1298 2180 non
1322 2122 1487 2200 prius
1513 2141 1692 2199 quam
1706 2120 1988 2180 Venusiae
2015 2127 2123 2180 aut
2243 2125 2246 2130 '

331 2219 574 2279 Canusii
599 2222 1005 2295 constiterunt,
1035 2240 1096 2279 se
1122 2221 1291 2279 nobis
1315 2220 1527 2279 merito
1552 2218 1921 2297 praetulerint
1945 2217 2119 2294 glori-

326 2315 528 2394 atique
559 2318 695 2393 sint,
734 2318 801 2377 in
828 2339 900 2396 ,se
926 2320 1060 2399 plus
1096 2339 1274 2395 quam
1312 2319 1379 2376 in
1416 2319 1708 2377 nobismet
1736 2315 1995 2395 praesidii
2029 2315 2121 2374 rei

253 2440 299 2467 11
326 2414 573 2489 publicae
609 2435 748 2477 esse.
819 2415 937 2476 Sed
974 2422 1037 2474 et
1073 2415 1197 2475 illis
1233 2416 1404 2473 bonis
1435 2435 1503 2474 ac
1536 2416 1788 2474 fortibus
1826 2413 2119 2474 militibus

327 2510 577 2568 utemini
603 2515 665 2570 et
688 2510 860 2569 nobis
884 2511 1064 2569 etiam
1103 2510 1560 2587 promptioribus
1586 2529 1693 2589 pro
1719 2510 1927 2587 patria,
1957 2507 2120 2587 quod

324 2603 602 2664 beneficio
640 2612 838 2664 vestro
881 2606 1171 2683 redempti
1216 2612 1394 2683 atque
1438 2607 1504 2664 in
1538 2606 1803 2683 patriam
1849 2606 2120 2666 restituti

254 2732 303 2759 η
324 2698 622 2759 fuerimus.
694 2699 992 2759 Dilectum
1021 2720 1097 2759 ex
1123 2702 1287 2759 omni
1303 2707 1480 2761 aetate
1506 2708 1568 2761 et
1592 2702 1831 2761 fortuna
1855 2701 2089 2762 habetis
2100 2724 2119 2777 ς

323 2800 456 2853 octo
493 2796 683 2855 millia
721 2816 1025 2856 servorum
1065 2800 1244 2857 audio
1281 2799 1516 2859 armari.
1599 2799 1742 2859 Non
1780 2798 1975 2857 minor
2008 2818 2121 2858 nu-

322 2910 519 2951 merus
557 2899 755 2952 noster
793 2899 900 2969 est,
927 2913 1035 2953 nec
1068 2895 1289 2954 maiore
1327 2898 1517 2973 pretio
1551 2896 1763 2955 redimi
1785 2915 2116 2974 possumus,

322 3008 502 3066 quam
525 2990 575 3049 ii
599 2997 913 3066 emuntur3
946 3011 1087 3051 nam
1113 2993 1166 3051 si
1190 2995 1484 3053 conferam
1508 3014 1617 3053 nos
1642 3014 1777 3053 cum
1801 2994 1939 3066 11118,
1961 2992 2125 3053 iniu-

147 3095 270 3180 s:
276 3117 300 3155 3
320 3090 473 3146 riam
498 3089 724 3147 nomini
751 3088 1020 3146 Romano
1050 3087 1276 3148 faciam.
1359 3090 1524 3149 Illud
1549 3090 1773 3148 etiam
1753 3110 1819 3147 111
1844 3089 1955 3147 tali
1980 3108 2121 3147 con-

321 3185 455 3243 silio
474 3185 1057 3245 animadvertendum
1074 3187 1264 3245 vobis
1258 3206 1538 3275 censeam,
1561 3194 1758 3264 patres
1777 3185 2117 3263 conscripti,

204 3341 215 3352 ,
321 3280 375 3339 81
404 3280 526 3338 iam
566 3281 829 3340 duriores
865 3301 1001 3342 esse-
1020 3282 1234 3358 velitis,
1272 3265 1430 3362 quod
1460 3284 1626 3341 nullo
1664 3288 1866 3341 nostro
1899 3281 2122 3340 merito

191 3385 202 3398 '
252 3407 297 3445 η
320 3375 565 3452 faciatis,
594 3377 692 3437 cui
715 3396 823 3436 nos
847 3377 1005 3438 hosti
1030 3377 1294 3438 relicturi
1326 3379 1471 3440 sitis.
1560 3378 1791 3457 Pyrrho
1816 3376 2116 3453 videlicet,
