2375 3842
915 231 1175 292 LIBER
1228 231 1405 293 XXI.
1970 233 2047 297 63

254 383 417 442 fusos
455 380 673 459 passim
714 381 790 440 ad
831 381 1213 458 praedandum
1253 382 1515 441 hostium
1549 379 2046 458 equitesaudacia

253 480 442 557 magis
479 497 659 555 qnam
697 478 941 537 consilio
977 485 1086 537 aut
1123 499 1227 556 spe
1264 478 1508 537 fallendi
1546 478 1945 551 meistendive,
1988 480 2041 537 si

256 594 377 634 non
412 575 659 647 falleret,
695 579 1104 651 transgressus.
1188 573 1266 632 Id
1298 574 1456 651 quod
1482 592 1668 631 unum
1692 573 1949 632 maxime
1975 573 2040 631 in
2068 591 2093 629 4

256 669 566 747 praesentia
597 669 1051 742 desiderabatur,
1085 669 1341 728 comitiis
1376 668 1778 727 consularibus
1803 667 2034 740 habitis,

253 767 321 825 in
366 767 614 825 hiberna
657 766 851 825 rediit.
934 766 1133 825 Creati
1178 766 1444 826 eonsules
1487 766 1592 825 Cn.
1647 764 1932 825 Servilius
1979 770 2043 823 et

254 862 322 920 O.
352 862 695 922 Flaminius.

254 996 257 1001 -
376 958 653 1018 Ceterum
678 977 756 1016 ne
781 959 846 1017 hi
917 978 1028 1017 rna
1046 959 1284 1036 quidem
1312 957 1599 1018 Romanis
1624 958 1826 1035 quieta
1852 962 2035 1029 erant,
2065 983 2092 1021 s

254 1055 606 1131 vagantibus
625 1055 843 1131 passim
861 1054 1143 1113 Numidis
1169 1056 1468 1132 equitibus
1494 1062 1574 1127 et,
1595 1063 1663 1113 ut
1688 1071 1931 1131 qwque
1963 1051 2039 1110 iis

253 1152 626 1230 impeditiora
679 1148 891 1224 erant,'
918 1151 1232 1212 Celtiberis
1278 1151 1601 1211 Lusitanis·
1638 1169 2040 1264 mm

254 1267 381 1325 que.
468 1248 688 1307 Omnes
717 1249 905 1326 igitur
933 1250 1195 1327 undique
1234 1249 1417 1308 clausi
1451 1267 1602 1307 com·
1638 1263 1894 1312 hnc-vnn.

252 1351 481 1405 meatus
507 1352 693 1420 erant,
723 1347 842 1404 nisi
866 1366 1014 1425 quos
1034 1347 1201 1405 Pado
1215 1366 1397 1405 naves
1422 1345 1829 1404 subveherent.
1899 1343 2038 1402 Em-
2063 1358 2090 1399 ⁶

254 1438 491 1518 porium'
524 1461 702 1518 prope
756 1442 1121 1500 Placentiam
1163 1442 1281 1500 fuit
1326 1447 1387 1499 et
1440 1459 1612 1519 opere
1657 1459 1873 1517 magno
1914 1459 2039 1497 mu·

254 1535 453 1592 nitum
507 1541 569 1593 et
617 1536 815 1595 valido
867 1538 1169 1595 firmatum
1216 1536 1499 1613 praesidio.
1601 1534 1750 1595 Eius
1810 1534 2039 1593 castelli

253 1631 631 1707 expugnandi
668 1652 772 1709 spe
810 1653 947 1692 cum
986 1634 1287 1711 equitibus
1323 1653 1393 1692 ac
1432 1633 1554 1694 levi
1585 1638 1886 1692 armatura
1910 1652 2039 1710 pro·

252 1725 444 1785 fectus
511 1726 833 1801 Hannibal,
894 1722 1078 1807 quium
1142 1730 1466 1807 plurimum
1529 1731 1597 1791 in
1634 1781 1718 1812 ,Ν
1777 1771 1926 1811 m
1979 1769 2043 1810 off

252 1824 492 1882 celando
533 1825 765 1903 incepto
807 1827 885 1885 ad
929 1827 1201 1886 effectum
1247 1828 1373 1904 spei
1418 1828 1599 1887 habu·
1636 1819 1745 1859 “⁰¹²
1758 1817 2014 1867 Emporium.

251 1918 408 1992 isset,
458 1926 629 1980 nocte
667 1921 909 1979 adortus
961 1941 1082 1980 non
1135 1922 1346 1981 fefellit
1385 1921 1606 1999 vigiles.
1689 1922 1914 1981 Tantus
1953 1941 2038 1980 re-
2065 1945 2088 1983 7

250 2022 428 2089 pente
466 2015 686 2074 clamor
720 2022 812 2074 est
847 2017 1133 2088 sublatus,
1159 2023 1234 2075 ut
1262 2017 1580 2076 Placentiae
1612 2036 1844 2094 quoque
1876 2017 2037 2075 audi-

249 2118 431 2171 retur.
518 2112 733 2189 Itaque
763 2114 875 2172 sub
899 2112 1091 2172 lucem
1117 2132 1255 2172 cum
1280 2112 1550 2189 equitatu
1575 2113 1780 2171 consul
1805 2112 2027 2183 aderat,

249 2205 427 2264 iussis
468 2208 756 2284 quadrato
806 2209 1039 2287 agmine
1089 2208 1418 2286 legionibus
1464 2209 1644 2285 sequi.
1746 2209 2034 2287 Equestre
2060 2225 2084 2264 s

248 2301 492 2361 interim
544 2303 815 2379 proelium
868 2305 1257 2377 commissum,
1313 2305 1378 2365 in
1431 2323 1566 2380 qu0,
1615 2305 1756 2381 quia
1806 2306 2036 2364 saucius

251 2398 563 2459 Hannibal
599 2418 798 2476 pugna
834 2401 1100 2476 excessit,
1127 2418 1344 2478 pavore
1373 2400 1645 2459 hostibus
1678 2400 1911 2473 iniecto,
1942 2403 2036 2460 de-

248 2495 484 2554 fensum
499 2497 728 2573 egregie
747 2498 1082 2573 praesidium
1109 2503 1215 2557 est.
1300 2495 1630 2554 Paucorum
1649 2495 1787 2555 inde
1805 2497 2033 2556 dierum
2057 2521 2083 2560 9

250 2593 449 2671 quiete
488 2601 726 2668 sumpta
763 2599 824 2650 et
862 2593 1110 2651 vixdum
1145 2593 1290 2651 satis
1322 2598 1627 2669 percurato
1656 2593 1918 2668 vulnere,
1957 2595 2033 2653 ad

251 2688 625 2747 Victumvias
675 2689 1096 2765 oppugnandas
1117 2736 1125 2743 .
1146 2688 1235 2746 ire
1286 2690 1494 2766 pergit.
1578 2689 1657 2748 Id
1708 2690 2035 2767 emporium
2059 2721 2110 2749 ιο

252 2774 536 2845 Romanis
573 2787 799 2844 Gallico
833 2787 987 2844 bello
1022 2788 1253 2860 fuerat3
1293 2787 1592 2846 munitum
1630 2809 1708 2850 bnt
1739 2809 1877 2850 romu
1937 2810 2033 2849 νιο-

251 2883 390 2943 inde
414 2883 607 2941 locum
631 2884 1147 2960 frequentaverant
1177 2884 1380 2942 accolae
1415 2883 1593 2942 mixti
1631 2857 1856 2948 ῗὲῗῆιῗίἶὲ
1867 2866 2033 2948 m

250 2979 510 3055 lmdique
542 3000 617 3039 ex
651 2980 921 3040 finitimis
951 2980 1202 3056 populis,
1229 2986 1292 3039 et
1321 2986 1454 3038 tum
1478 2988 1593 3041 ter·
1632 2947 1852 3033 m&
1882 2947 1936 2986 Μ
1972 2947 2033 2986 ω’

252 3091 350 3133 ror
390 3076 835 3151 populationum
881 3095 950 3134 eo
983 3075 1288 3153 plerosque
1334 3096 1411 3135 ex
1455 3078 1612 3154 agris
1651 3083 2029 3158 compulerat.

253 3169 456 3228 Huius
514 3173 744 3249 generis
795 3171 1133 3244 multitudo,
1177 3173 1337 3230 fama
1390 3173 1638 3250 impigre
1689 3177 1912 3236 defensi
1956 3181 2033 3239 ad
2060 3214 2105 3241 ιι

251 3264 616 3325 'Placentiam
664 3268 918 3346 praesidii
967 3286 1223 3340 accensa,
1277 3268 1460 3327 armis
1504 3271 1752 3348 arreptis
1797 3274 2029 3334 obviam

253 3360 582 3431 Hannibali
641 3364 916 3440 procedit.
1015 3362 1213 3440 Magis
1237 3364 1501 3441 ‚agmina
1545 3386 1720 3444 quam
1768 3370 1921 3430 acies
1965 3371 2033 3430 in
2060 3398 2109 3427 η
