2375 3842
916 242 1176 302 LIBER
1226 241 1439 304 XXII.
1952 243 2064 304 103

277 397 340 451 et
379 410 486 471 per
523 410 727 451 aversa
763 411 801 450 a
837 391 1042 450 castris
1077 389 1438 451 Hannibalis
1464 392 1763 470 equitatus
1788 411 1922 451 cum
1946 392 2069 452 levi

278 496 580 549 armatura
609 488 852 547 emissus
890 489 955 546 in
985 488 1436 547 frumentatores
1467 490 1585 548 late
1610 489 1822 548 caedem
1847 489 2069 566 fugam-

278 605 394 665 que
424 587 684 645 hostium
718 586 1049 663 palatorum
1087 586 1244 645 fecit.
1329 585 1460 645 Nec
1493 586 1618 646 acie
1652 593 1874 646 certare
1900 586 2067 645 Han·
2092 610 2118 651 9

277 684 440 742 nibal
479 699 672 756 ausus,
714 682 855 760 quia
892 689 1062 741 tanta
1100 702 1237 760 pars
1274 685 1568 742 exercitus
1604 686 1808 742 aberat
1854 691 1906 743 et
1946 681 2067 743 iam

279 802 347 840 ea
383 782 680 858 paucitate
715 780 825 839 vix
865 787 1070 852 castra,
1109 781 1163 839 si
1204 787 1697 858 oppugnarentur,
1739 780 1927 839 tutari
1964 800 2064 859 po-

278 883 473 951 terat3
533 877 767 953 iamque
814 877 1042 937 artibus
1094 877 1271 936 Fabii
1320 878 1573 939 wdendo
1624 886 1690 936 et
1734 878 2065 936 cunctando
2096 902 2145 932 ιο

279 973 496 1032 bellum
544 974 796 1050 gerebat,
845 981 1257 1052 receperatque
1308 991 1445 1033 suos
1494 975 1563 1033 in
1613 975 1810 1052 priora
1855 981 2062 1047 castra,

279 1088 409 1146 quae
446 1089 556 1147 pro
593 1069 867 1129 Gereonii
903 1072 1199 1130 moenibus
1226 1078 1410 1130 erant.
1493 1071 1664 1130 Iusta
1688 1090 1919 1149 quoque
1943 1072 2066 1130 acie
2096 1103 2140 1129 ιι

278 1174 342 1225 et
383 1166 610 1225 collatis
653 1167 835 1243 signis
877 1167 1238 1241 dimicatum,
1288 1168 1529 1245 quidam
1582 1174 1846 1227 auctores
1892 1174 2068 1242 sunt;

276 1264 467 1341 primo
506 1283 790 1322 concursu
829 1264 1081 1323 Poenum
1117 1284 1302 1342 usque
1319 1266 1412 1323 -ad
1442 1271 1631 1323 castra
1656 1266 1849 1323 fusum
1870 1282 1891 1337 ς
1927 1264 2068 1323 inde

277 1361 583 1437 eruptione
617 1362 777 1420 facta
801 1369 1045 1438 repente
1074 1380 1305 1419 versum
1330 1366 1613 1420 terrorem
1639 1361 1706 1418 in
1731 1361 2029 1419 Romanos
2050 1384 2066 1429 3

281 1455 344 1514 N
344 1459 555 1515 umerii
589 1457 843 1516 Decimii
875 1457 1158 1516 Samnitis
1188 1457 1400 1518 deinde
1425 1458 1770 1516 interventu
1795 1458 2065 1536 proelium

279 1554 642 1614 restitutum.
725 1554 911 1612 Hunc
954 1554 1279 1632 principem
1321 1573 1536 1631 genere
1574 1574 1642 1612 ac
1682 1554 1908 1612 divitiis
1946 1572 2066 1611 non
2092 1582 2141 1609 η

279 1650 534 1709 Boviani
570 1652 759 1725 modo,
803 1649 960 1709 unde
998 1657 1141 1725 erat,
1182 1652 1283 1710 sed
1324 1658 1450 1710 toto
1483 1647 1736 1723 Samni0‚
1766 1652 1926 1709 iussu
1953 1649 2068 1709 dic-

278 1747 486 1805 tatoris
523 1754 656 1806 octo
694 1750 883 1806 millia
920 1749 1188 1825 peditum
1226 1754 1288 1808 et
1323 1750 1551 1826 equites
1584 1748 1934 1825 quingentos
1964 1747 2065 1803 du·

280 1850 509 1903 centem
548 1846 613 1903 in
651 1853 855 1919 castra,
899 1845 975 1903 ab
1014 1851 1180 1923 tergo
1220 1865 1404 1924 quum
1439 1846 1804 1923 apparuisset
1831 1842 2065 1902 Hanni-

281 1942 418 2017 bali,
477 1942 723 2019 speciem
776 1942 938 2021 parti
973 1943 1222 2019 ¹utrique
1257 1944 1581 2021 praebuisse
1621 1942 1763 1999 novi
1806 1938 2066 2018 praesidii

279 2059 412 2097 cum
459 2038 527 2109 Q.
574 2039 758 2099 Fabio
797 2041 874 2097 ab
911 2039 1104 2098 Roma
1140 2039 1447 2098 venientis.
1533 2037 1949 2108 Hannibalem,
1978 2034 2065 2093 in-
2092 2060 2140 2099 ¹3

280 2134 559 2193 sidiarum
616 2152 849 2211 quoque
902 2133 1126 2211 aliquid
1178 2134 1502 2205 timentem,
1558 2132 1839 2209 recepisse
1891 2148 2026 2189 suos
2044 2147 2065 2201 3

274 2219 623 2286 'Romanum
666 2229 996 2287 insecutum
1034 2230 1355 2288 adiuvante
1386 2228 1649 2286 Samnite
1676 2229 1793 2285 duo
1829 2225 2065 2285 castella

282 2342 350 2381 eo
377 2324 472 2381 die
512 2343 887 2400 expugnasse.
973 2324 1093 2383 Sex
1116 2324 1306 2383 millia
1328 2323 1588 2381 hostium
1614 2341 1772 2393 caesa,
1801 2323 2062 2398 quinque
2088 2352 2142 2388 14

283 2420 598 2478 admodum
617 2420 1052 2496 Romanorum3
1091 2426 1293 2478 tamen
1317 2418 1384 2476 in
1408 2424 1533 2476 tam
1552 2418 1680 2495 pari
1696 2435 1876 2494 prope
1900 2416 2064 2475 clade

282 2535 501 2576 vanam
525 2517 737 2574 famam
771 2519 1013 2595 egregias
1039 2516 1300 2575 victorine
1327 2534 1460 2573 cum
1485 2513 1823 2573 vanioribus
1847 2514 2066 2574 litteris

279 2613 545 2692 magistri
571 2614 836 2690 equitum
863 2615 1114 2673 Romam
1141 2613 1441 2690 perlatam.
1983 2645 2092 2722 s

401 2711 494 2769 De
525 2710 618 2768 his
651 2712 828 2768 rebus
864 2730 1118 2788 persaepe
1157 2716 1220 2768 et
1253 2710 1319 2768 in
1354 2717 1560 2769 senatu
1599 2717 1661 2769 et
1694 2709 1761 2769 in
1796 2709 2065 2771 contione
2090 2717 2165 2777 25

219 2849 224 2858 .
281 2804 476 2866 actum
505 2813 608 2866 est.
696 2808 909 2880 Quum,
939 2807 1075 2865 laeta
1099 2806 1354 2881 civitate,
1378 2808 1628 2867 dictator
1666 2853 1744 2893 m,
1781 2852 1985 2902 parum.
2022 2856 2067 2893 a
2089 2850 2113 2877 2

282 2923 435 2961 unus
460 2904 612 2962 nihil
645 2923 754 2963 nec
780 2906 948 2962 famoe
982 2922 1089 2962 nec
1119 2903 1335 2964 litteris
1367 2905 1628 2964 crederet
1666 2900 2068 2984 ffifflmg'f'ffl

280 3007 346 3071 et,
371 3004 441 3058 ut
460 3018 601 3057 vera
626 2999 823 3057 omnia
848 3006 1055 3074 essent,
1079 3000 1331 3064 secunda
1355 3019 1416 3058 se
1441 3000 1628 3077 magis
1666 2991 1842 3039 pm„
1855 2990 2023 3031 mu..

281 3113 456 3170 quam
482 3096 728 3154 adversa
752 3096 960 3156 timere
979 3097 1212 3170 diceret,
1234 3102 1366 3155 tum
1392 3096 1479 3155 M.
1503 3096 1772 3155 Metilius
1790 3095 2065 3154 tribunus
2088 3120 2114 3159 ³

281 3190 468 3265 plebis
491 3191 554 3249 id
580 3192 864 3253 enimvero
889 3193 1194 3251 ferendum
1219 3212 1342 3252 esse
1359 3199 1552 3269 negat,
1574 3211 1696 3251 non
1720 3198 2062 3269 praesentem
2087 3218 2114 3257 4

281 3285 468 3343 solum
507 3288 849 3348 dictatorem
889 3289 1182 3349 obstitisse
1213 3289 1305 3349 rei
1336 3291 1486 3348 bene
1517 3288 1797 3366 gerendae,
1826 3290 1927 3349 sed
1965 3290 2063 3348 ab·

279 3388 504 3443 sentem
522 3385 701 3443 etiam
726 3393 901 3463 gestae
936 3387 1183 3461 obfflare,
1214 3392 1277 3446 et
1303 3386 1369 3444 in
1395 3387 1657 3446 ducendo
1682 3387 1835 3445 bello
1861 3386 2062 3458 sedulo
