2375 3842
353 248 383 305 1
395 247 431 304 2
1133 246 1376 306 LIVII‘

351 415 594 453 manum
657 394 878 453 iniuste
928 395 1136 468 facere,
1191 394 1246 454 si
1299 395 1656 471 Saguntinos
1721 394 2139 453 vetustissima

353 491 927 568 Carthaginiensium
953 491 1219 549 societati
1243 498 1557 568 praeponat,

301 615 328 655 3
356 604 427 681 ἦ,
471 587 637 646 Dum
676 588 932 646 Romani
968 594 1202 665 tempus
1239 594 1445 646 terunt
1479 587 1868 664 legationibus
1898 586 2140 646 mitten-

349 745 562 795 ΝΜ
581 756 748 796 mmm
786 782 1174 859 operibusque
1226 783 1496 850 habebat,
1548 801 1865 857 paucorum
1903 782 1978 839 iis
2015 782 2136 840 die-

348 895 482 934 rum
503 876 763 954 quietem
789 879 970 950 dedit,
998 879 1350 937 stationibus
1375 880 1453 938 ad
1478 878 1804 937 custodiam
1827 879 2137 936 vinearum

350 972 715 1050 aliorumque
756 994 998 1051 operum
1050 976 1361 1053 dispositis.
1462 976 1715 1033 Interim
1767 976 1993 1033 animos
2043 994 2138 1033 eo-

348 1089 485 1127 rum
520 1090 679 1129 nunc
717 1072 807 1129 ira
845 1073 910 1129 in
936 1072 1134 1130 hostes
1161 1073 1536 1147 stimulando,
1564 1092 1723 1131 nunc
1749 1092 1850 1149 spe
1874 1072 2137 1149 praemio-

301 1189 326 1225 ⁴
350 1185 484 1224 rum
531 1168 832 1242 accendit3
879 1176 951 1226 ut
996 1188 1137 1227 vero
1181 1189 1291 1246 pro
1335 1169 1606 1228 contione
1650 1171 1905 1245 praedam
1950 1175 2136 1245 captae

350 1264 512 1321 urbis
553 1264 743 1322 edixit
778 1265 1038 1324 militum
1078 1267 1221 1339 fore,
1272 1267 1417 1324 adeo
1460 1266 1687 1324 accensi
1732 1285 1932 1324 omnes
1970 1273 2131 1340 sunt,

350 1366 435 1433 ut,
479 1360 551 1429 si,
570 1362 867 1438 extemplo
908 1362 1142 1438 signum
1181 1364 1387 1422 datum
1427 1369 1593 1435 esset,
1629 1363 1797 1421 nulla
1835 1362 1900 1419 vi
1937 1363 2135 1420 resisti

299 1495 323 1531 ⁵
349 1457 650 1516 videretur
685 1478 867 1536 posse.
953 1460 1269 1536 Saguntini
1308 1469 1379 1518 ut
1418 1481 1456 1519 a
1490 1461 1709 1538 proeliis
1744 1461 2003 1536 quietem
2035 1460 2137 1517 hae-

352 1556 604 1613 buerant
641 1574 749 1614 nec
788 1556 1136 1614 lacessentes
1174 1577 1285 1615 nec
1323 1557 1578 1615 lacessiti
1602 1576 1709 1633 per
1723 1557 1964 1633 ,aliquot
1989 1556 2132 1630 dies,

350 1651 439 1708 ita
477 1671 598 1709 non
637 1658 826 1724 nocte,
864 1673 988 1711 non
1022 1654 1119 1711 die
1154 1673 1416 1729 unquam
1448 1652 1816 1715 cessaverant
1840 1654 1916 1711 ab
1941 1672 2132 1730 opere,

348 1753 422 1804 ut
467 1767 690 1806 novum
720 1767 973 1807 murum
1014 1750 1090 1807 ab
1130 1767 1201 1807 ea
1240 1755 1426 1826 parte,
1472 1770 1593 1828 qua
1635 1752 1992 1829 patefactum
2034 1769 2133 1826 op-

299 1869 325 1907 ⁶
348 1844 553 1921 pidum
596 1845 785 1904 ruinis
828 1852 972 1920 erat,
1015 1848 1336 1906 reficerent.
1436 1847 1588 1905 Inde
1632 1846 1990 1926 oppugnatio
2035 1866 2136 1905 eos

348 1942 653 2019 aliquanto
704 1944 956 2003 atrocior
1005 1963 1183 2023 quam
1236 1950 1376 2003 ante
1426 1945 1631 2003 adorta
1682 1952 1787 2018 est,
1842 1964 1967 2016 nec,
2015 1962 2136 2020 qua

347 2038 607 2115 primum
659 2047 767 2098 aut
811 2042 1179 2118 potissimum
1221 2049 1389 2120 parte
1439 2042 1663 2100 ferrent
1715 2060 1898 2118 opem,
1945 2059 2131 2117 quum

349 2136 547 2195 omnia
585 2138 768 2196 variis
809 2139 1160 2198 elamoribus
1207 2146 1551 2217 streperent,
1595 2139 1738 2197 satis
1776 2138 1924 2196 scire
1969 2144 2132 2213 pote-

299 2261 326 2299 7
349 2239 502 2292 rant.
586 2233 725 2312 Ipse
765 2234 1089 2309 Hannibal,
1134 2256 1252 2314 qua
1289 2236 1472 2295 turris
1506 2235 1756 2307 mobilis,
1786 2235 1984 2295 omnia
2008 2253 2136 2292 mu·-

347 2329 614 2389 nimenta
648 2332 812 2390 urbis
847 2348 1127 2410 superans
1161 2333 1491 2405 altitudine,
1530 2333 1827 2408 agebatur,
1866 2332 2135 2389 hortator

348 2427 564 2486 aderat.
677 2428 822 2499 Quae
844 2444 847 2447 ’
868 2449 1053 2507 quum
1096 2430 1350 2501 admota,
1399 2428 1714 2505 catapultis
1765 2427 2132 2503 ballistisque

301 2556 324 2594 3
350 2543 455 2599 per
514 2524 713 2583 omnia
771 2526 1038 2585 tabulata
1103 2526 1422 2604 dispositis,
1475 2544 1673 2583 muros
1727 2524 2130 2583 defensoribus

348 2620 644 2692 nudasset,
686 2629 816 2679 tum
853 2623 1159 2682 Hannibal
1184 2623 1541 2682 occasionem
1567 2628 1747 2695 ratus,
1777 2621 2129 2699 quingentos

347 2718 531 2774 ferme
573 2716 757 2775 Afros
807 2738 941 2776 cum
998 2720 1255 2778 dolabris
1306 2719 1382 2777 ad
1433 2718 1831 2787 subruendum
1882 2718 1959 2775 ab
2010 2718 2131 2775 imo

348 2832 582 2871 murum
622 2814 850 2890 mittit3
902 2835 1010 2875 nec
1045 2823 1174 2874 erat
1210 2816 1445 2876 difficile
1470 2835 1634 2892 opus,
1660 2815 1820 2892 quod
1845 2820 2126 2873 caementa

346 2930 467 2969 non
515 2911 671 2969 calce
711 2912 924 2972 durata
963 2920 1150 2987 erant,
1194 2914 1296 2973 sed
1331 2914 1597 2972 interlita
1633 2913 1778 2985 luto,
1821 2917 2128 2970 structum

295 3036 322 3076 9
347 3007 605 3085 antiquoe
643 3027 871 3085 genere.
955 3010 1169 3088 Itaque
1207 3011 1406 3083 latius,
1437 3024 1611 3086 quam
1650 3027 1767 3086 qua
1792 3009 2123 3082 caederetur,

344 3105 568 3177 ruebat,
610 3125 831 3184 perque
869 3109 1136 3184 patentia
1167 3108 1358 3167 ruinis
1396 3106 1631 3184 agmina
1666 3114 2023 3165 armatorum
2064 3106 2130 3164 in

272 3231 322 3258 xo
345 3202 549 3260 urbem
604 3204 913 3263 vadebant.
1024 3206 1247 3264 Locum
1299 3222 1532 3283 quoque
1559 3203 1810 3276 „editum
1863 3204 2121 3282 capiunt,

345 3298 685 3378 collatisque
723 3320 793 3360 eo
833 3303 1146 3380 catapultis
1186 3302 1568 3378 ballistisque,
1607 3307 1680 3360 ut
1718 3303 2021 3362 castellum
2060 3302 2123 3360 in

342 3395 474 3475 ipsa
518 3398 664 3458 urbe
703 3398 872 3460 velut
917 3419 1109 3459 arcem
1151 3399 1556 3458 imminentem
1607 3398 1926 3476 haberent,-
1959 3386 2127 3461 niuro

787 685 896 757 dis,
914 685 1239 756 Hannibal,
1263 685 1403 762 quia
1416 687 1634 743 fessum
1650 684 1900 742 militem
1914 684 2138 774 proeliis
2220 698 2233 709 ·
