2375 3842
857 248 1120 311 LIBER
1171 250 1390 313 XXII.
1618 129 1692 210 a
1903 251 2013 311 107

230 423 387 477 ones,
417 401 569 463 sicut
602 400 934 462 consulibus
969 419 1095 459 mos
1127 405 1294 473 esset,
1324 397 1483 457 inter
1519 416 1583 457 se
1621 443 1705 485 and
1759 444 1876 485 m„
1933 443 2021 485 „h

231 499 578 560 dividerent.
681 496 886 555 Prima
928 502 991 555 et
1035 501 1249 573 quarta
1301 493 1579 567 Minucio,
1620 490 2025 585 Wf‘hwg

146 647 161 656 .
231 596 487 657 secunda
511 602 573 655 et
599 594 777 653 tertia
801 593 987 652 Fabio
1013 598 1352 652 evenerunt.
1423 592 1582 652 Item
1619 588 1807 633 ”W
1820 594 1952 633 “¹¹¹⁹-
2045 630 2090 657 Π

231 694 459 772 equites
484 691 614 770 pari
637 710 882 750 numero
915 692 1251 767 sociumque
1276 695 1338 748 et
1363 689 1566 749 Latini
1597 688 1851 749 nominis
1877 710 2019 749 aux·

231 791 337 850 ilia
379 789 724 849 diviserunt.
810 788 1031 847 Castris
1071 805 1303 865 quoque
1341 805 1404 846 se
1443 786 1698 865 separari
1743 788 2022 865 magister

231 888 497 965 equitum
536 887 743 945 voluit.

351 985 594 1062 Duplex
619 983 756 1042 inde
783 981 1113 1042 Hannibali
1146 980 1426 1060 gaudium
1453 981 1606 1055 fuit3
1646 1000 1835 1059 neque
1861 981 2018 1041 enim
2042 986 2121 1044 28

231 1083 544 1160 quicquam
596 1098 814 1151 eorum,
860 1100 990 1158 quae
1041 1080 1198 1157 apud
1250 1078 1446 1137 hostes
1499 1085 1827 1156 agerentur,
1883 1098 2019 1138 eum

231 1177 472 1237 fallebat
496 1183 560 1237 et
591 1177 849 1255 perfugis
873 1178 1064 1236 multa
1089 1176 1486 1235 indicantibus
1518 1181 1582 1235 et
1620 1196 1688 1236 He
1727 1196 1823 1236 fau·
1865 1195 1955 1235 into
1991 1206 2020 1235 ι

230 1294 336 1352 per
380 1293 517 1334 suos
553 1274 949 1358 explorantem
982 1293 997 1333 ε
1044 1291 1184 1331 nam
1226 1280 1287 1330 et
1332 1272 1576 1330 liberam
1615 1253 1739 1327 {1⁰³⁰
1729 1253 1823 1337 »ξω
1853 1242 2021 1327 annissi'
2043 1307 2066 1333 2

232 1371 487 1430 Minucii
518 1371 911 1429 temeritatem
945 1389 1007 1429 se
1041 1389 1147 1428 suo
1178 1368 1362 1428 modo·
1392 1375 1777 1446 captaturum,
1808 1375 1871 1427 et
1910 1370 2020 1427 sol·

229 1468 415 1527 lertiae
460 1468 634 1528 Fabii
685 1466 994 1526 dimidium
1038 1467 1261 1525 virium
1308 1466 1627 1526 decessisse.
1728 1466 2018 1525 Tumulus
2042 1484 2065 1522 3

230 1572 358 1625 erat
381 1567 541 1625 inter
573 1571 765 1625 castra
789 1563 1043 1624 Minucii
1068 1572 1130 1623 et
1158 1563 1493 1636 Poenorum,
1520 1582 1694 1640 quem
1722 1563 1826 1640 qui
1856 1582 2019 1622 occu-

229 1669 440 1741 passet,
458 1664 618 1722 haud
638 1664 814 1723 dubie
833 1661 1185 1739 iniquiorem
1211 1666 1339 1721 erat
1353 1661 1512 1721 hosti
1527 1661 1718 1720 locum
1738 1661 2012 1720 facturus.

231 1761 387 1818 Eum
413 1780 533 1819 non
559 1768 681 1819 tam
710 1779 913 1838 capere
940 1759 1065 1817 sine
1092 1760 1409 1818 certamine
1434 1758 1668 1818 volebat
1688 1758 2014 1831 Hannibal,
2040 1783 2065 1820 ⁴

229 1876 562 1933 quanquam
601 1857 664 1916 id
703 1876 891 1935 operas
930 1857 1186 1934 pretium
1226 1863 1370 1927 erat,
1410 1876 1588 1934 quam
1627 1875 1861 1915 causam
1901 1875 2019 1914 cer-

227 1954 468 2013 taminis
509 1975 645 2014 cum
687 1955 972 2023 Minucio,
1019 1974 1196 2033 quem
1246 1974 1660 2033 procursurum
1710 1953 1788 2012 ad
1839 1952 2018 2012 obsis-

227 2052 474 2111 tendum
510 2052 651 2111 satis
677 2054 912 2124 sciebat,
941 2052 1297 2111 contrahere.
1382 2052 1548 2128 Ager
1574 2050 1765 2110 omnis
1788 2050 2015 2109 medius
2040 2076 2063 2114 s

227 2155 356 2207 erat
394 2150 583 2226 prima
622 2150 812 2226 specie
848 2149 1082 2207 inutilis
1120 2148 1468 2220 insidiatori,
1504 2147 1645 2225 quia
1682 2166 1804 2205 non
1842 2148 2015 2206 modo

226 2246 495 2303 silvestre
533 2244 864 2323 quicquam,
893 2246 995 2304 sed
1033 2265 1110 2303 ne
1135 2246 1415 2323 vepribus
1455 2244 1691 2321 quidem
1732 2243 2015 2301 vestitum

227 2341 498 2413 habebat,
526 2360 591 2398 re
617 2340 744 2417 ipsa
768 2348 946 2401 natus
971 2342 1237 2417 tegendis
1273 2340 1520 2412 insidiis,
1552 2358 1620 2397 eo
1645 2340 1833 2416 magis
1858 2341 2014 2416 quod
2039 2359 2064 2397 ⁶

225 2440 290 2496 in
320 2437 482 2494 nuda
505 2437 662 2496 valle
688 2438 852 2496 nulla
877 2439 1015 2496 talis
1040 2439 1203 2496 fraus
1228 2435 1427 2496 timeri
1452 2441 1720 2513 poterat3
1759 2441 1821 2494 et
1834 2422 2017 2494 ‘erant

226 2536 293 2592 in
319 2534 680 2591 anfractibus
718 2553 872 2593 cavae
908 2555 1099 2612 rupes,
1127 2540 1201 2593 ut
1225 2534 1491 2611 quaedam
1527 2551 1726 2591 earum
1763 2532 2094 2605 ducenQ,

225 2636 480 2689 armatos
518 2636 754 2707 possent
788 2650 1005 2707 capere.
1089 2630 1171 2689 In
1203 2631 1312 2690 has
1344 2631 1613 2704 latebras,
1639 2637 1784 2709 quot
1818 2650 2014 2709 quem·
2039 2658 2062 2695 7

227 2748 342 2805 que
376 2727 572 2788 locum
596 2732 734 2805 apte
758 2725 1012 2787 insidere
1045 2733 1336 2805 poterant,
1365 2728 1626 2806 quinque
1659 2728 1850 2787 millia
1883 2748 2015 2787 con·

226 2826 450 2884 duntur
467 2824 735 2902 peditum
755 2823 1150 2901 equitumque.
1222 2825 1458 2883 Necubi
1475 2832 1675 2885 tamen
1693 2831 1799 2884 aut
1816 2831 2013 2884 motus
2038 2845 2062 2883 s

224 2920 471 2981 alicuius
496 2928 718 2981 temere
743 2917 957 2997 egressi
982 2925 1089 2978 aut
1113 2919 1306 2997 fulgor
1331 2939 1628 2979 armorum
1654 2920 1921 2978 fraudem
1945 2918 2013 2975 in

225 3017 379 3074 valle
404 3024 529 3076 tam
555 3021 761 3094 aperta
786 3015 1099 3092 detegeret,
1121 3012 1313 3073 missis
1337 3014 1539 3092 paucis
1564 3013 1756 3090 prima
1780 3013 1909 3070 luce
1936 3012 2013 3070 ad

223 3113 587 3190 capiendum,
608 3133 782 3192 quem
797 3119 939 3171 ante
965 3111 1241 3186 diximus,
1264 3112 1565 3171 tumulum
1581 3109 1799 3168 avertit
1818 3109 2014 3167 oculos

223 3210 500 3268 hostium.
578 3212 777 3269 Primo
803 3208 1007 3269 statim
1032 3214 1345 3287 conspectu
1371 3212 1704 3283 contempta
1729 3205 2011 3282 paucitas,
2036 3243 2061 3282 9

223 3326 292 3365 ac
311 3307 425 3365 sibi
444 3308 688 3384 quisque
705 3307 1008 3385 deposcere
1027 3307 1327 3384 pellendos
1346 3305 1485 3363 inde
1504 3305 1700 3362 hostes
1726 3322 1794 3362 ac
1819 3303 2014 3362 locum

223 3404 569 3483 capiendum
578 3423 596 3477 3
625 3405 747 3462 dux
765 3403 890 3480 ipse
907 3405 1067 3462 inter
1092 3401 1495 3462 stolidissimos
1518 3400 2014 3476 ferocissimosque
