2375 3842
330 224 406 287 34
1104 229 1203 288 LI
1211 228 1337 289 VII

254 391 301 419 ιο
327 374 528 427 tutum
555 369 913 444 ingredienti
938 371 1157 447 praebet
1176 391 1197 444 3
1236 376 1300 428 et
1329 376 1458 428 tum
1492 371 1641 431 forte
1666 370 1952 454 3·QO
1976 392 2108 432 auc-

326 471 425 523 tus
450 464 747 541 ingentem
786 466 1350 542 transgredientibus
1392 468 1714 526 tumultum
1741 468 1897 541 fecit,
1924 489 2109 545 quum

326 579 499 637 super
517 549 709 619 cetera
734 562 1122 638 trepidatione
1146 561 1261 640 ipsi
1286 582 1394 621 sua
1411 570 1589 640 atque
1606 563 1846 624 incertis
1872 564 2108 624 clamor-

325 656 460 714 ibus
485 658 882 717 turbarentur.

226 757 302 815 32
448 752 514 812 P.
548 753 850 825 Cornelius
877 754 1078 815 consul
1103 755 1301 815 triduo
1335 755 1456 814 fere
1492 762 1640 832 post,
1669 776 1847 833 quam
1877 757 2110 815 Hanni-

328 901 461 950 scipio
497 901 654 942 instead
684 903 729 942 ot
762 850 860 909 bal
879 851 1059 928 aripa
1076 851 1351 911 Rhodani
1364 854 1567 926 movit,
1579 854 1861 930 quadrato
1877 854 2109 929 agmine

326 948 491 1033 mu
562 949 730 1034 33⁸3}
766 947 839 1016 ad
875 955 1063 1006 'castra
1098 948 1355 1006 hostium
1382 955 1640 1022 venerat,
1671 950 1894 1007 nullam
1937 951 2105 1008 dimi·

279 1081 303 1108 2
328 1040 728 1126 ffidfflffltgssi’ffi'}
765 1044 936 1101 candi
972 1063 1197 1102 moram
1238 1045 1501 1103 facturus
1512 1066 1532 1120 3
1591 1053 1847 1103 ceterum
1872 1046 1977 1104 ubi
2016 1046 2110 1104 de-

328 1131 502 1215 ffimto
513 1132 726 1217 ,gssffioffl
764 1145 920 1197 serta
969 1142 1338 1199 munimenta
1390 1159 1500 1199 nec
1544 1140 1712 1200 facile
1765 1161 1828 1200 se
1872 1148 2106 1200 tantum

328 1222 506 1272 ‘’¹¹⁹³''
764 1255 1102 1312 praegressos
1127 1243 1528 1295 assecuturum
1554 1238 1734 1311 videt,
1752 1239 1826 1296 ad
1854 1258 2012 1297 mare
2039 1258 2108 1296 ac

327 1347 508 1389 naves
541 1330 733 1404 rediit,
764 1333 956 1390 tutius
987 1332 1330 1411 faciliusque
1363 1333 1454 1392 ita
1486 1334 1857 1393 descendenti
1890 1335 1965 1395 ab
2000 1333 2109 1393 Al-

280 1453 303 1490 3
329 1425 500 1502 pibus
533 1425 865 1486 Hannibali
904 1449 1262 1491 occursurus.
1344 1430 1441 1491 Ne
1465 1436 1662 1489 tamen
1688 1432 1848 1489 nuda
1872 1432 2110 1490 auxiliis

331 1522 614 1583 Romanis
664 1523 955 1601 Hispania
1008 1533 1175 1601 esset,
1227 1547 1404 1603 quam
1455 1528 1813 1604 provinciam
1865 1528 2108 1586 sortitus

329 1624 473 1691 erat,
521 1619 626 1678 Cn.
675 1620 1001 1698 Scipionem
1048 1624 1291 1682 fratrem
1335 1644 1470 1682 cum
1515 1625 1771 1681 maxima
1809 1630 1975 1701 parte
2020 1645 2110 1683 co-

279 1742 304 1778 ⁴
328 1715 557 1791 piarum
598 1718 874 1777 adversus
915 1719 1351 1778 Hasdrubalem
1381 1720 1559 1793 misit,
1596 1740 1716 1778 non
1745 1722 1821 1779 ad
1859 1722 2107 1780 tuendos

332 1815 734 1872 tantummodo
760 1821 986 1873 veteres
1023 1815 1205 1873 socios
1243 1815 1743 1892 conciliandosque
1778 1836 1976 1890 novos,
2006 1817 2106 1874 sed

281 1935 304 1973 5
331 1908 506 1965 etiam
532 1910 607 1966 ad
632 1910 964 1987 pellendum
993 1910 1289 1987 Hispania
1308 1911 1754 1972 Hasdrubalem.
1813 1912 1947 1989 Ipse
1974 1931 2114 1991 cum·

329 2004 638 2083 admodum
672 2007 901 2083 exiguis
941 2008 1119 2083 copiis
1148 2006 1415 2065 Genuam
1452 2009 1667 2085 repetit
1702 2027 1786 2080 eo,
1816 2008 1922 2085 qui
1956 2009 2108 2066 circa

330 2099 556 2159 Padum
584 2108 711 2160 erat
739 2104 1046 2176 exercitus,
1076 2103 1316 2161 Italiam
1354 2104 1708 2165 defensurus.
1760 2116 1846 2214 Τ,
1873 2124 1901 2199 g
1929 2134 1978 2185 q„
2051 2144 2078 2189 2.

280 2218 394 2279 σή.-
446 2197 759 2257 Hannibal
775 2200 849 2256 ab
871 2199 1164 2257 Druentia
1191 2200 1503 2277 camQtri
1526 2201 1779 2259 maxime
1797 2174 2007 2259 itinere
2033 2202 2109 2258 ad

328 2343 373 2382 Η
456 2343 481 2382 n
522 2344 572 2383 1,.
608 2353 728 2392 my
767 2295 952 2372 Alpes
978 2315 1110 2353 cum
1126 2297 1290 2354 bona
1313 2316 1455 2373 pace
1481 2297 1862 2356 incolentium
1888 2317 1957 2357 ea
1981 2297 2108 2357 loca

280 2416 304 2454 7
327 2389 730 2483 {aefflhffffli
773 2392 1075 2451 Gallorum
1090 2393 1373 2470 pervenit.
1417 2393 1584 2466 Tum,
1602 2413 1932 2472 quanquam
1953 2395 2109 2452 fama

328 2481 728 2565 ξιξξξξῶἳζιξξξ
767 2490 944 2566 prius,
992 2509 1109 2566 qua
1159 2490 1385 2548 inoerta
1427 2490 1495 2547 in
1540 2491 1727 2549 maius
1773 2510 1913 2550 vero
1965 2491 2108 2550 ferri

328 2571 505 2611 uinear-
772 2585 973 2658 solent,
1004 2592 1290 2662 praecepta
1328 2606 1420 2663 res
1455 2592 1596 2659 erat,
1635 2592 1834 2645 tamen
1866 2606 1941 2645 ex
1978 2606 2108 2663 pro-

327 2680 550 2758 pinquo
575 2680 704 2738 visa
728 2681 1019 2739 montium
1045 2682 1298 2740 altitudo
1333 2683 1610 2760 nivesque
1636 2683 1773 2742 caelo
1799 2703 1977 2760 prope
2002 2684 2109 2740 im·

328 2778 543 2851 mixtae,
576 2782 732 2834 tecta
759 2778 1031 2836 informia
1056 2780 1330 2855 imposita
1364 2781 1622 2857 rupibuS,
1654 2799 1863 2857 pecora
1886 2779 2109 2837 iumen-

328 2879 504 2950 taque
539 2874 761 2932 torrida
799 2874 1028 2951 frigore,
1067 2875 1334 2934 homines
1370 2877 1590 2935 intonsi
1628 2882 1689 2935 et
1726 2875 1954 2949 inculti,
1986 2874 2109 2932 ani-

327 2969 505 3029 malia
556 2970 928 3048 inanimaque
982 2971 1177 3029 omnia
1229 2973 1481 3049 rigentia
1531 2972 1683 3049 gelu,
1733 2978 1922 3029 cetera
1973 2971 2106 3030 visu

278 3091 304 3133 3
327 3085 503 3142 quam
531 3066 692 3125 dictu
719 3067 974 3139 foediora,
996 3073 1277 3127 terrorem
1303 3073 1673 3129 renovarunt.
1730 3067 2108 3144 Erigentibus

328 3163 394 3220 in
433 3163 651 3240 primos
691 3184 899 3241 agmen
937 3164 1119 3223 clivos
1163 3170 1563 3243 apparuerunt
1605 3164 1979 3223 imminentes
2016 3171 2108 3223 tu-

328 3261 516 3318 mulos
569 3261 887 3319 insidentes
939 3262 1226 3334 montani,
1273 3262 1394 3339 qui,
1436 3262 1490 3321 si
1533 3261 1717 3321 valles
1768 3261 2107 3320 occultiores

325 3358 688 3433 insedissent,
719 3359 903 3417 coorti
926 3360 1003 3418 ad
1026 3379 1284 3438 pugnam
1309 3364 1548 3437 repente
1583 3359 1882 3437 ingentem
1906 3358 2104 3434 fugam
