2375 3842
363 172 613 359 Ἦ
620 286 681 295 --
891 269 1152 331 LIBER
1204 262 1430 332 XXII.
1944 270 2057 333 137

266 416 398 477 fuit.
483 416 696 495 Itaque
738 422 1110 478 succumbam
1151 421 1316 479 oneri
1355 440 1545 498 neque
1585 421 1888 499 aggrediar
1925 440 2057 479 nar-

267 534 414 587 rare,
445 534 575 592 quae
615 515 1014 575 edissertando
1050 518 1280 575 minora
1315 538 1455 576 vero
1491 519 1720 579 faciam.
1805 518 2057 578 Consule
2080 550 2104 589 9

266 610 642 687 exercituque
669 613 744 670 ad
770 612 1236 670 Trasumennum
1265 613 1459 689 priore
1485 633 1640 671 anno
1679 614 1907 688 amisso,
1936 634 2057 672 non

264 709 482 767 vulnus
517 727 693 785 super
730 708 964 782 vulnus,
1009 709 1110 767 sed
1145 709 1462 786 multiplex
1502 711 1709 784 clades,
1749 730 1883 770 cum
1919 712 2058 769 duo-

263 807 374 864 bus
401 805 738 864 consulibus
765 806 884 864 duo
909 805 1239 865 consulares
1265 808 1558 865 exercitus
1589 808 1788 865 amissi
1821 808 2057 865 nuntia-

264 905 497 977 bantur,
541 922 649 961 nec
687 903 811 961 ulla
852 904 979 961 iam.
1013 910 1203 961 castra
1245 904 1517 963 Romana
1553 924 1662 963 nec
1702 906 1909 964 ducem
1947 924 2055 963 nec

262 1001 513 1058 militem
549 1018 673 1058 esse
683 1020 705 1074 3
745 999 1106 1058 Hannibalis
1141 1001 1445 1078 Apuliam,
1481 1001 1788 1061 Samnium
1827 1022 1895 1061 ac
1933 1002 2051 1060 iam
2078 1022 2218 1088 ¹⁰ae'fi'

262 1118 440 1175 prope
467 1104 653 1156 totam
681 1095 924 1155 Italiam
950 1098 1182 1158 factam.
1267 1097 1456 1156 Nulla
1480 1100 1742 1176 profecto
1769 1099 1887 1157 alia
1910 1118 2052 1175 gens

262 1201 431 1254 tanta
466 1195 620 1253 mole
655 1194 835 1253 cladis
859 1213 981 1252 non
1009 1195 1223 1253 obruta
1246 1202 1412 1254 esset.
1501 1195 1814 1272 compares
1840 1196 2052 1255 scilicet
2076 1218 2120 1244 1¹

262 1293 483 1349 cladem
529 1292 606 1350 ad
661 1292 906 1369 AEgates
952 1292 1177 1350 insulas
1222 1291 1799 1370 Carthaginiensium
1844 1293 2051 1370 proelio

260 1388 459 1446 navali
485 1394 795 1465 acceptam,
825 1408 942 1466 qua
967 1388 1141 1447 fracti
1177 1389 1378 1448 Sicilia
1414 1410 1482 1448 ac
1519 1390 1791 1448 Sardinia
1831 1409 2050 1448 cessere

261 1494 312 1543 et
351 1484 663 1562 vectigales
706 1504 773 1543 ac
815 1486 1223 1563 stipendiarios
1267 1486 1396 1544 fieri
1436 1506 1498 1546 se
1545 1487 1700 1565 passi
1741 1492 1898 1560 sunt,
1945 1494 2049 1546 aut

259 1601 516 1659 pugnam
543 1581 842 1641 adversam
869 1583 934 1640 in
966 1584 1190 1658 Africa,
1219 1584 1317 1643 cui
1350 1590 1555 1663 postea
1589 1584 1686 1643 hic
1721 1586 1847 1661 ipse
1883 1584 2048 1642 Han-

258 1679 422 1737 nibal
448 1680 790 1755 succubuitj,
829 1681 995 1740 nulla
1022 1702 1098 1740 ex
1122 1687 1291 1758 parte
1316 1682 1716 1759 comparandae
1741 1688 1900 1756 sunt,
1931 1684 2048 1741 nisi

259 1777 414 1855 quod
440 1778 666 1837 minore
691 1779 890 1837 animo
914 1780 1050 1838 latae
1077 1786 1231 1838 sunt.
2124 1780 2293 1865 (ὦ

377 1874 444 1936 P.
475 1875 693 1935 Furius
719 1875 928 1935 Philus
955 1883 1017 1935 et
1049 1877 1149 1936 M’.
1182 1876 1542 1955 Pomponius
1576 1884 1851 1954 praetores
1886 1897 2046 1935 sena-
2072 1886 2144 1945 55
2307 1881 2318 1890 '

256 1979 385 2030 tum
417 1974 482 2030 in
518 1974 740 2032 curiam
776 1974 1100 2032 Hostiliam
1127 1980 1504 2048 vocaverunt,
1535 1981 1605 2032 ut
1644 1988 1733 2027 ‘rho
1782 1991 1924 2028 senato
1976 1988 2043 2028 dt»

257 2072 328 2129 de
395 2073 557 2131 urbis
611 2073 877 2130 custodia
939 2072 1346 2145 consulerent3
1413 2092 1604 2148 neque
1644 2034 2045 2121 iiiiediitdiuffiorffai
2070 2097 2091 2123 2

257 2169 414 2226 enim
451 2169 821 2242 dubitabant,
850 2168 1058 2226 deletis
1093 2168 1447 2226 exercitibus
1482 2166 1608 2224 bos-
1646 2126 1873 2219 &affl
1960 2128 2044 2166 ⁸¹¹⁶

253 2271 376 2322 tem
411 2265 488 2323 ad
522 2265 972 2342 oppugnandam
1009 2264 1276 2336 Romam,
1306 2263 1464 2340 quod
1499 2281 1685 2319 unum
1722 2280 1867 2338 opus
1903 2261 2044 2319 belli

254 2367 517 2435 restaret,
546 2368 879 2421 venturum.
961 2360 1159 2432 Quum
1187 2362 1252 2418 in
1278 2360 1448 2417 malis
1474 2359 1651 2416 sicuti
1683 2358 2038 2434 ingentibuS,
2066 2388 2090 2425 3

254 2461 341 2517 ita
379 2459 598 2536 ignotis
636 2479 712 2517 ne
752 2459 1059 2518 consilium
1102 2458 1341 2536 quidem
1380 2457 1522 2514 satis
1560 2455 1919 2532 expedirent,
1946 2455 2042 2512 ob-

254 2563 652 2633 streperetque
691 2557 908 2615 clamor
946 2555 1399 2615 lamentantium
1434 2553 1749 2611 mulierum
1785 2558 1863 2626 et,
1901 2570 2042 2610 non·

254 2657 393 2712 dum
421 2653 786 2730 palamfactO,
799 2653 928 2711 vivi
952 2654 1287 2730 mortuique
1312 2671 1418 2728 per
1438 2670 1636 2709 omnes
1654 2669 1819 2727 paene
1842 2651 2041 2709 domos

251 2752 577 2829 promiscue
624 2751 1138 2828 complorarentur,
1183 2755 1315 2808 tum
1364 2749 1432 2819 Q.
1478 2748 1697 2806 Fabius
1737 2735 2039 2806 Maximus
2064 2776 2088 2811 4

252 2850 497 2921 censuit,
528 2850 753 2926 equites
780 2847 1081 2926 expeditos
1109 2852 1170 2905 et
1196 2847 1398 2924 Appia
1432 2852 1494 2904 et
1530 2845 1747 2904 Latina
1772 2846 1871 2903 via
1907 2846 2040 2902 mit-

250 2947 471 3019 tendos,
522 2946 626 3023 qui
671 2946 872 3005 obvios
917 2945 1315 3023 percontando
1357 2943 1608 3021 (aliquos
1657 2942 1917 3019 profecto
1963 2961 2039 2999 ex

251 3043 389 3119 fuga
422 3044 636 3120 passim
673 3043 981 3121 dissipatos
1017 3042 1159 3121 fore)
1184 3043 1458 3114 referant,
1489 3059 1618 3117 quae
1645 3039 1884 3097 fortuna
1909 3057 2038 3095 con·

251 3139 445 3197 sulum
471 3148 648 3216 atque
675 3142 1037 3199 exercituum
1064 3141 1144 3198 sit
1170 3146 1248 3213 et,
1280 3140 1331 3197 si
1359 3137 1502 3214 quid
1538 3136 1623 3194 dii
1659 3135 2032 3209 immortaleS,
2061 3160 2085 3196 ⁵

251 3234 499 3293 miseriti
536 3237 786 3315 imperii,
828 3239 1120 3315 reliquum
1168 3235 1424 3294 Romani
1470 3234 1725 3291 nominis
1771 3232 2030 3304 fecerint,

249 3334 354 3390 ubi
400 3353 482 3392 eae
528 3336 706 3412 copiae
754 3337 911 3410 sint3
970 3354 1086 3412 quo
1129 3355 1190 3393 se
1241 3330 1547 3391 Hannibal
1590 3338 1723 3406 post
1765 3330 2036 3407 proelium

250 3430 578 3506 contulerit,
611 3431 751 3508 quid
779 3437 961 3508 paret,
994 3431 1138 3508 quid
1164 3435 1301 3508 agat
1327 3434 1681 3505 acturusque
1709 3426 1801 3484 sit.
1889 3426 2035 3483 Hoec
2059 3440 2090 3481 6
