2375 3842
903 277 1165 339 LIBER
1215 271 1434 339 XXII.
1949 273 2062 340 123

277 437 470 490 catam
520 429 912 489 temeritatem
973 423 1271 486 ferocioris
1337 428 1591 486 consulis
1649 446 1719 487 ac
1779 447 2066 488 novorum

276 527 532 588 maxime
572 527 831 585 militum
877 543 1014 584 esse.
1120 525 1205 583 Et
1258 526 1454 583 omnia
1506 525 1565 583 ei
1610 521 1872 584 hostium
1906 526 2065 585 haud
2094 552 2116 590 s

277 641 441 684 secus
493 643 674 702 quam
708 641 817 681 sua
853 628 996 681 nota
1037 627 1244 680 erant:
1308 621 1618 681 dissimiles
1665 622 2068 701 discordesque

276 720 630 798 imperitare,
672 719 818 777 duas
855 738 1034 797 prope
1070 723 1268 795 partes
1301 718 1565 777 tironum
1589 718 1852 778 militum
1876 721 1944 778 in
1970 740 2066 779 ex-

277 819 465 877 ercitu
507 836 647 876 esse.
731 815 945 892 Itaque
991 814 1186 874 locum
1226 820 1289 873 et
1325 820 1559 893 tempus
1592 814 1824 876 insidiis
1859 823 2065 895 aptum
2092 837 2116 875 ο

277 934 341 974 se
367 915 579 974 habere
605 918 784 986 ratus,
814 918 983 971 nocte
1003 912 1289 990 proxima,
1310 912 1461 971 nihil
1482 931 1627 990 prae-
1666 954 1734 995 Β,
1746 956 1837 1004 ,m
1850 965 1879 996 ι
1893 956 1988 1006 2¹²1»
2002 954 2068 995 ror

276 1020 372 1073 ter
423 1032 589 1072 arma
638 1013 863 1071 ferente
915 1030 1111 1070 secum
1170 1011 1380 1086 milite,
1436 1019 1627 1071 castra
1663 1003 1792 1050 ‘⁸⁹¹²’

276 1113 451 1191 plens
503 1110 694 1169 omnis
745 1110 994 1167 fortunae
1049 1108 1297 1186 publicoe
1356 1110 1716 1187 privataeque
1766 1107 2066 1185 relinquit,

277 1216 556 1286 transque
617 1206 914 1285 proximos
974 1211 1206 1264 montes
1265 1206 1414 1264 laeva
1465 1206 1693 1283 pedites
1746 1205 2065 1264 instructos
2096 1231 2119 1269 7

279 1306 493 1378 condit,
541 1304 752 1363 dextra
818 1303 1063 1381 equites,
1121 1303 1544 1379 impedimenta
1588 1321 1694 1381 per
1746 1301 2070 1361 convallem

278 1402 531 1461 mediam
583 1400 860 1472 inducit,
910 1405 981 1458 ut
1027 1398 1371 1476 diripiendis
1424 1399 1591 1458 velut
1635 1398 1878 1458 desertis
1928 1398 2071 1476 fuga
2096 1420 2119 1458 s

280 1499 648 1558 dominorum
700 1496 906 1556 castris
945 1501 1294 1573 occupatum
1339 1496 1802 1573 impeditumque
1841 1485 2071 1553 hostem

281 1596 650 1674 opprimeret.
736 1592 942 1653 Crebri
988 1593 1183 1651 relicti
1225 1592 1292 1650 in
1334 1593 1540 1651 castris
1585 1592 1766 1669 ignes,
1814 1598 1886 1650 ut
1926 1591 2070 1651 fides
2094 1627 2121 1667 9

281 1694 464 1764 fieret,
494 1692 635 1751 dum
672 1692 797 1769 ipse
830 1689 1063 1767 longius
1097 1689 1353 1766 spatium
1378 1690 1519 1767 fuga
1543 1690 1896 1768 praeciperet,
1925 1689 2073 1748 falsa

281 1790 536 1866 imagine
581 1794 919 1860 castrorum,
970 1787 1125 1845 sicut
1175 1785 1429 1845 Fabium
1480 1786 1674 1864 priore
1726 1805 1884 1845 anno
1924 1786 2072 1844 frus-

281 1892 474 1944 tratus
527 1890 695 1957 esset,
739 1889 941 1943 tenere
986 1883 1052 1941 in
1097 1883 1242 1942 loeis
1281 1884 1544 1942 eonsules
1589 1884 1856 1944 voluisse.
1942 1883 2073 1943 Ubi
2096 1887 2173 1947 42

280 1982 499 2055 illuxit,
530 1981 828 2039 subductae
867 1980 1056 2057 primo
1098 1980 1397 2054 stationes,
1428 1980 1638 2039 deinde
1668 1981 1908 2059 propius
1940 1981 2068 2040 ade-

281 2075 526 2135 untibus
551 2074 856 2132 insolitum
890 2074 1190 2133 silentium
1227 2076 1673 2134 admirationem
1698 2077 1853 2137 fecit.
1937 2074 2068 2135 Iam
2095 2107 2119 2135 2

282 2172 428 2232 satis
465 2176 760 2247 comperta
802 2171 1121 2229 solitudine
1163 2170 1231 2228 in
1273 2172 1496 2244 castris,
1533 2191 1844 2230 concursus
1888 2170 1961 2231 fit
1993 2173 2070 2229 ad

283 2268 554 2346 praetoria
597 2266 901 2325 consulum
941 2267 1347 2325 nuntiantium
1388 2268 1588 2342 fugam
1625 2268 1884 2325 hostium
1925 2267 2071 2326 adeo

283 2363 589 2441 trepidam,
620 2369 691 2421 ut
730 2363 1124 2421 tabernaculis
1157 2364 1455 2421 stantibus
1489 2368 1678 2421 castra
1702 2362 2067 2440 reliquerint,

283 2479 515 2538 quoque
567 2459 707 2535 fuga
758 2460 1058 2518 obscurior
1110 2465 1277 2533 esset,
1335 2453 1564 2518 crebros
1609 2460 1790 2519 etiam
1836 2460 2069 2519 relictos

281 2558 462 2633 ignes.
548 2556 784 2614 Clamor
813 2555 951 2613 inde
991 2560 1170 2626 ortu8‚
1207 2560 1279 2612 ut
1317 2554 1483 2632 signa
1517 2555 1765 2633 proferri
1797 2555 2071 2615 iuberent
2096 2587 2119 2623 3

282 2656 677 2730 ducerentque
706 2652 782 2709 ad
814 2651 1240 2728 persequendos
1266 2650 1461 2709 hostes
1491 2671 1559 2710 ac
1583 2652 1854 2729 protinus
1880 2660 2072 2714 castra.

281 2750 623 2828 diripienda.
708 2747 792 2806 Et
838 2746 1039 2805 consul
1082 2747 1235 2804 alter
1273 2748 1440 2807 velut
1479 2768 1635 2808 unus
1672 2789 1760 2829 {nto
1796 2790 1927 2830 „mm
1971 2790 2070 2839 th„

281 2848 469 2905 turbae
507 2844 782 2904 militaris
834 2849 997 2917 erat3
1062 2842 1285 2903 Paulus
1323 2845 1502 2904 etiam
1544 2852 1629 2904 st-
1670 2837 1814 2922 3ῗζῖξξ
1824 2837 2074 2928 ᾟξιξῗοῗξίῇ
2095 2880 2118 2915 ⁴

282 2964 396 3021 que
423 2946 600 3003 etiam
627 2944 818 3002 dicere
842 2941 1271 3019 providendum
1308 2962 1631 3020 praecaven-
1669 2928 1840 2969 Paulus.

282 3044 538 3119 dumque
563 3062 685 3100 esse
704 3060 723 3114 3
763 3045 1070 3117 postremo,
1101 3058 1286 3116 quum
1312 3040 1486 3098 aliter
1509 3059 1699 3117 neque
1725 3039 2070 3099 seditionem

280 3158 470 3215 neque
510 3139 716 3196 ducem
757 3135 1059 3195 seditionis
1095 3137 1384 3195 sustinere
1410 3143 1621 3214 posset,
1653 3136 1915 3194 Marium
1942 3135 2069 3195 Sta-

281 3234 479 3293 tilium
542 3235 881 3312 praefectum
942 3253 1077 3292 cum
1129 3240 1332 3292 turma
1395 3233 1637 3292 Lucana
1701 3233 2066 3310 exploratum

278 3331 483 3389 mittit.
569 3331 690 3401 Qui
729 3330 835 3389 ubi
872 3330 1243 3408 adequitavit
1280 3329 1483 3408 portis,
1534 3329 1847 3389 subsistere
1900 3336 2068 3390 extra
2093 3359 2117 3399 5

279 3428 647 3485 munimenta
677 3426 887 3486 ceteris
923 3427 1116 3500 iussis,
1160 3428 1289 3504 ipse
1329 3445 1463 3485 cum
1503 3426 1731 3487 duobus
1748 3427 2064 3510 'equitibus
