2375 3842
868 223 1131 287 LIBER
1182 217 1395 287 XXII.
1915 222 2029 284 12⁷

238 378 553 438 stationem
581 394 812 455 quoque
839 395 944 455 pro
971 376 1128 434 vallo
1159 374 1409 434 locatam
1443 379 1622 451 atque
1659 371 1814 450 ipsas
1853 390 2032 449 prope

238 473 438 553 portas
464 473 656 533 evecti
682 478 838 534 sunt.
923 473 1000 532 Id
1029 492 1168 532 vero
1195 471 1337 530 adeo
1371 470 1682 547 indignum
1718 468 1928 540 visum,
1957 469 2032 526 ab
2057 491 2083 529 4

239 569 628 630 tumultuario
653 569 878 628 auxilio
902 570 1035 627 iam·
1054 570 1236 627 etiam
1271 572 1463 626 eastra
1501 566 1772 624 Romana
1804 564 2028 636 terreri,

240 673 314 726 ut
340 687 409 727 ea
434 668 607 726 modo
640 686 763 726 una
797 686 986 740 eausa,
1016 685 1091 724 ne
1128 664 1426 742 extemplo
1460 664 1781 721 transirent
1815 661 2034 719 fiumen

240 764 675 842 dirigerentque
714 763 914 834 aciem,
955 761 1217 819 tenuerit
1256 759 1572 825 Romanos,
1609 757 1768 833 quod
1807 775 2036 815 summa

242 860 476 938 imperii
513 880 583 919 eo
623 859 720 918 die
756 876 935 935 penes
974 856 1229 915 Paulum
1269 856 1466 916 fuerit.
1550 855 1767 932 Itaque
1804 861 2036 933 postero
2060 875 2084 915 s

245 958 339 1016 die
364 957 577 1031 Varro,
606 957 703 1016 eui
729 975 852 1015 sors
880 957 1004 1014 eius
1029 955 1147 1013 diei
1178 952 1414 1032 imperii
1450 959 1593 1022 erat,
1634 992 1940 1080 grandvmot
1943 992 2038 1032 „m

244 1056 397 1114 nihil
437 1055 703 1114 consulto
745 1054 966 1130 collega
1011 1053 1247 1129 signum
1292 1050 1692 1129 proposuit‘m
1661 1039 1876 1088 ”⁰ff‘mss
1892 1040 2022 1079 ”⁸⁸⁰⁶

245 1151 672 1228 instructasque
707 1150 900 1226 copias
937 1148 1158 1206 fiumen
1196 1147 1483 1218 traduxit,
1513 1151 1792 1223 sequente
1829 1143 2033 1218 Paulo,

246 1244 387 1321 quia
411 1244 598 1321 magis
623 1264 745 1303 non
770 1244 1017 1321 probare
1052 1261 1232 1320 quam
1257 1262 1379 1300 non
1414 1242 1694 1302 adiuvare
1728 1239 2038 1299 eonsilium

247 1346 494 1417 poterat.
578 1340 945 1417 Transgressi
973 1340 1191 1399 flumen
1232 1357 1328 1397 eas
1363 1358 1608 1417 quoque,
1640 1356 1786 1416 quas
1820 1339 1889 1397 in
1923 1356 2038 1395 eas-
2063 1350 2089 1390 ⁶

245 1438 360 1497 tris
383 1437 705 1496 minoribus
730 1438 1075 1509 habuerant,
1103 1437 1297 1513 copias
1333 1437 1455 1495 suis
1495 1436 1828 1513 adiungunt
1862 1439 2039 1512 atque

246 1535 335 1594 ita
359 1533 666 1591 instruunt
690 1534 908 1595 aciem:
947 1534 1014 1592 in
1049 1535 1260 1592 dextro
1296 1552 1479 1591 cornu
1526 1532 1613 1613 (id
1648 1537 1775 1592 erat
1807 1529 2042 1591 flumini

247 1627 513 1706 propius)
541 1628 840 1689 Romanos
879 1630 1107 1707 equites
1145 1629 1359 1702 locant,
1396 1629 1607 1688 deinde
1645 1628 1907 1706 pedites;
1946 1628 2039 1686 lae-
2065 1654 2089 1694 7

248 1747 395 1785 vum
420 1745 602 1786 cornu.
625 1729 875 1786 extremi
901 1727 1129 1804 equites
1161 1727 1469 1802 sociorum,
1499 1727 1658 1786 intra
1694 1726 1935 1805 pedite8‚
1963 1725 2039 1784 ad

144 1877 148 1882 ,
249 1822 509 1880 medium
547 1822 738 1882 iuneti
776 1822 1106 1899 legionibus
1146 1821 1449 1899 Romanis,
1490 1829 1851 1895 tenuerunt3
1889 1822 2042 1879 iaou-

250 1918 465 1978 latores
510 1939 645 1978 cum
691 1920 900 1979 ceteris
949 1919 1169 1979 levium
1217 1940 1515 1984 armorum
1567 1920 1806 1979 auxiliis
1851 1919 2041 1996 prima

250 2016 403 2075 acies
426 2016 596 2078 facta.
656 2017 939 2076 Consules
959 2037 1175 2076 cornua
1201 2024 1463 2090 tenuere,
1480 2019 1790 2076 Terentius
1808 2017 2037 2088 laevum,
2066 2043 2091 2082 a

252 2112 538 2172 AEmilius
604 2113 919 2188 dextrum3
994 2113 1247 2172 Gemino
1300 2113 1550 2173 Servilio
1600 2112 1794 2171 media
1845 2130 2043 2188 pugna

253 2208 475 2266 tuenda
513 2208 665 2265 data.

375 2302 683 2360 Hannibal
709 2302 839 2362 luce
864 2303 1069 2380 prima,
1098 2302 1434 2361 Baliaribus
1457 2302 1692 2378 levique
1718 2301 1836 2362 alia
1860 2320 2043 2359 arma-
2065 2308 2144 2367 46

252 2404 392 2460 tura
441 2400 753 2475 praemissa,
800 2404 1195 2477 transgressus
1247 2399 1485 2470 flumen,
1532 2403 1605 2455 ut
1642 2437 1709 2477 for
1730 2437 1859 2476 „mh
1884 2436 2044 2477 Μ

253 2514 514 2573 quosque
556 2496 915 2569 traduxerat,
957 2498 1046 2554 ita
1085 2496 1152 2555 in
1191 2496 1315 2554 acie
1353 2494 1598 2570 locabat,
1640 2483 1710 2523 ¹²⁸¹
1724 2484 1760 2525 ²⁸
1777 2483 1988 2534 mm

256 2592 457 2651 Gallos
483 2591 899 2669 Hispanosque
925 2592 1152 2669 equites
1179 2610 1359 2669 prope
1383 2591 1573 2670 ripam
1599 2592 1788 2654 loevo
1769 2613 1833 2651 m
1861 2612 2093 2652 eornu2

254 2687 534 2744 adversus
561 2686 897 2744 Romanum
923 2688 1292 2764 equitatum3
1326 2687 1601 2746 dextrum
1626 2707 1808 2748 cornu
1834 2690 2043 2750 Numi·
2065 2723 2089 2760 3

255 2783 348 2841 dis
377 2784 674 2860 equitibus
709 2784 930 2857 datum,
961 2784 1155 2842 media
1188 2784 1313 2843 acie
1348 2784 1646 2863 peditibus
1679 2786 1926 2858 firmata,
1958 2787 2044 2843 ita

254 2885 327 2937 ut
351 2882 636 2939 Afrorum
662 2886 911 2957 utraque
937 2900 1154 2939 cornua
1182 2887 1389 2953 essent,
1411 2873 1926 2959 interponerentur
1949 2881 2045 2938 his

256 2976 437 3036 medii
476 2976 635 3035 Galli
675 2983 853 3054 atque
893 2977 1169 3055 Hispani.
1252 2978 1435 3037 Afros
1469 2978 1799 3036 Romanam
1834 2996 2046 3054 magna
2069 3015 2094 3050 4

255 3091 334 3130 ex
356 3077 525 3148 parte
550 3075 812 3133 crederes
837 3075 1022 3133 aciem
1029 3096 1046 3149 ;
1085 3073 1174 3132 ita
1200 3074 1414 3133 armati
1448 3079 1620 3132 erant
1653 3074 1833 3132 armis
1871 3079 1933 3131 et
1968 3074 2046 3131 ad

256 3167 542 3246 Trebiam,
586 3178 846 3229 ceterum
883 3191 1097 3249 magna
1134 3190 1211 3230 ex
1249 3178 1420 3249 parte
1458 3170 1537 3230 ad
1580 3170 2044 3229 Trasumennum

258 3249 503 3348 captis!
548 3265 736 3325 Gallis
760 3267 1164 3344 Hispanisque
1199 3276 1369 3327 scuta
1400 3265 1659 3326 eiusdem
1693 3266 1891 3326 formae
1924 3267 2044 3326 fere
2069 3290 2094 3330 s

258 3365 444 3432 erant,
475 3361 733 3439 dispares
764 3382 831 3421 ae
866 3364 1176 3424 dissimiles
1214 3362 1409 3442 gladi-i,
1442 3361 1630 3422 Gallis
1664 3363 1946 3441 praelongi
1978 3382 2045 3424 ac
