2375 3842
941 270 1205 332 LIBER
1253 270 1432 330 XXI.
1987 271 2069 328 m

278 420 543 497 Sagunti
567 419 753 479 ruinoe
778 426 968 493 erunt,
996 438 1074 479 ne
1107 420 1244 498 quis
1276 419 1418 478 fidei
1448 420 1730 477 Romana!
1764 425 1870 477 aut
1904 417 2075 477 sode-

293 517 408 575 tati
451 517 753 575 confidat?
834 517 986 575 Inde
1016 518 1313 593 extemplo
1338 517 1500 574 abire
1525 516 1748 574 finibus
1773 515 2078 574 Volciano-
2107 541 2148 568 u

288 632 425 672 rum
450 613 609 685 iussi,
640 614 715 671 ab
730 614 897 671 nullo
915 613 1125 671 deinde
1141 613 1389 672 ooneilio
1406 612 1712 691 Hispaniae
1727 612 2073 690 benigniora

292 711 474 768 verba
495 710 699 769 tulere.
786 709 886 768 Ita
923 710 1313 787 nequiequam
1338 715 1646 787 peragrata
1670 709 1981 788 Hispania,
2011 709 2078 767 in

291 806 549 864 Galliam
573 813 897 865 transeunt.
954 805 991 860 Ἰ·
1005 806 1083 864 In
1107 806 1203 864 his
1231 824 1386 865 nova
1411 805 1640 865 ten-ibi·
2103 788 2179 846 20

295 904 487 980 lisque
512 904 728 980 speeies
761 904 891 961 visa
919 910 1023 976 est,
1067 904 1226 980 quod
1265 904 1481 961 armati
1521 902 1633 983 (ita
1677 866 2110 913 manen-mont»

292 1018 417 1058 mos
435 1000 628 1075 gentis
654 999 804 1078 erat)
832 1000 900 1058 in
925 999 1235 1058 concilium
1260 1006 1569 1059 venerunt.
1658 999 1856 1068 Quum
1884 997 2078 1056 verbis
2101 1024 2124 1050 ε

292 1094 642 1154 extollentes
659 1096 903 1172 gloria-m
919 1097 1319 1174 virtutemque
1343 1096 1548 1173 populi
1565 1097 1819 1155 Romani
1835 1114 1906 1153 ae
1922 1113 2076 1170 mag·

294 1193 627 1251 nitudinem
647 1194 882 1270 imperii
906 1193 1207 1271 petissent,
1235 1212 1313 1252 ne
1340 1192 1523 1253 Poeno
1540 1193 1761 1251 bellum
1781 1191 1976 1250 Italioe
1994 1191 2080 1248 in-

295 1289 512 1348 ferenti
538 1309 643 1367 per
661 1310 829 1368 agros
845 1291 1133 1367 urbesque
1147 1308 1283 1348 suas
1301 1291 1615 1348 transitum
1632 1289 1857 1361 darent,
1876 1293 2079 1346 tantus

293 1404 430 1443 eum
454 1386 694 1445 fremitu
719 1387 872 1445 risus
899 1387 1118 1446 dieitur
1143 1393 1323 1459 ortus,
1353 1391 1425 1444 ut
1450 1387 1557 1443 vix
1580 1405 1619 1444 a
1642 1384 2080 1461 magistu-atibus
2105 1401 2128 1437 3

290 1482 725 1560 maioribusque
769 1490 917 1542 natu
972 1484 1251 1542 iuventus
1290 1483 1632 1555 sedaretur3
1686 1484 1832 1540 adeo
1869 1481 2082 1539 stolida
2103 1500 2127 1536 ⁴

292 1580 716 1657 impudensque
742 1581 1062 1657 postulatio
1086 1581 1218 1639 visa
1243 1585 1333 1639 est
1367 1598 1614 1652 censere,
1644 1599 1721 1637 ne
1747 1579 1809 1635 in
1839 1576 2080 1635 Italiam

292 1677 701 1735 transmittant
754 1677 914 1736 Galli
964 1677 1204 1751 bellum,
1259 1676 1417 1754 ipsos
1468 1677 1533 1735 id
1584 1681 1849 1734 avertere
1900 1674 1966 1731 in
2019 1691 2082 1731 se

292 1791 576 1850 agrosque
600 1792 735 1832 suos
760 1793 869 1850 pro
894 1774 1101 1832 alienis
1126 1774 1490 1851 populandos
1515 1773 1780 1832 obiicere.
1804 1748 1823 1851 ι
1865 1770 2081 1829 Sedato
2106 1784 2127 1821 ⁵

290 1869 531 1928 tandem
557 1870 814 1943 fremitu,
843 1889 1186 1948 responsum
1213 1871 1421 1947 legatis
1445 1877 1552 1943 est,
1575 1888 1766 1947 neque
1792 1868 2083 1926 Romano-

295 1984 427 2024 rum
467 1965 535 2024 in
564 1986 627 2025 se
664 1968 946 2025 meritum
986 1986 1109 2026 esse
1146 1986 1339 2044 neque
1378 1965 1951 2043 Carthaginiensium
1994 1966 2082 2024 in-

290 2062 519 2136 iuriam,
549 2065 625 2121 ob
651 2083 781 2140 qum
805 2070 913 2122 aut
937 2083 1044 2140 pro
1084 2063 1370 2121 Romanis
1408 2068 1515 2121 aut
1552 2063 1831 2121 adversus
1868 2061 2081 2120 Poenos

290 2165 527 2216 sumant
552 2179 743 2234 armas,
783 2167 990 2218 eontra
1014 2179 1083 2217 ea
1107 2159 1311 2218 audire
1345 2179 1484 2231 sese,
1515 2159 1709 2234 gentis
1743 2177 1861 2217 suae
1878 2158 2078 2218 homi·
2104 2173 2129 2212 ⁶

289 2272 396 2313 nes
447 2274 587 2331 agro
632 2256 963 2333 finibusque
1015 2256 1208 2314 Italiae
1261 2256 1403 2333 pelli
1454 2275 1493 2312 a
1542 2255 1759 2332 populo
1812 2254 2082 2312 Romano

288 2351 764 2429 stipendiumque
788 2354 1042 2430 pendere
1066 2358 1129 2411 et
1155 2359 1349 2411 cetera
1373 2352 1618 2427 indigna
1635 2350 1775 2428 pati„
1861 2349 2081 2408 Eadem
2105 2373 2129 2410 ⁷

288 2449 476 2507 ferme
500 2448 567 2506 in
601 2449 809 2507 ceteris
849 2449 1060 2508 Galliae
1099 2448 1363 2508 conciliis
1410 2448 1569 2506 diota
1606 2447 1937 2523 auditaque,
1972 2464 2079 2504 neo

289 2544 579 2621 hospitale
629 2545 941 2622 quiequam
992 2551 1342 2623 pacatumve
1392 2545 1534 2603 satis
1585 2544 1752 2623 prius
1791 2543 2077 2615 auditum,

286 2658 467 2716 quam
509 2641 833 2699 Massiliam
874 2660 1103 2701 venere.
1185 2641 1286 2699 Ibi
1331 2642 1529 2700 omnia
1565 2643 1641 2699 ab
2106 2647 2129 2686 ⁸

284 2737 464 2796 sociis
502 2737 785 2814 inquisita
810 2758 944 2796 cum
970 2757 1111 2797 cura
1136 2758 1205 2796 ao
1229 2737 1344 2797 fide
1370 2740 1633 2816 cognita:
1679 2703 2079 2754 exceptam

290 2841 717 2912 praeoccupatos
742 2834 862 2892 iam
880 2841 1020 2893 ante
1047 2835 1123 2893 ab
1149 2834 1490 2893 Hannibale
1520 2836 1827 2894 Gallorum
1853 2835 2080 2893 animos

290 2927 416 2989 esse
425 2951 445 3005 3
484 2932 585 2989 sed
624 2950 702 2989 ne
738 2931 832 2989 illi
868 2931 1108 3007 quidem
1146 2931 1264 3008 ipsi
1294 2932 1437 2990 satis
1463 2932 1669 2990 mitem
1696 2939 1931 3009 gentem
1958 2934 2081 2989 fore

293 3028 463 3106 (adeo
497 3029 713 3087 ferocia
737 3035 916 3105 atque
939 3029 1228 3087 indomita
1252 3029 1487 3109 ingenia
1516 3028 1683 3106 esse),
1723 3030 1790 3087 ni
1830 3029 2077 3087 subinde

287 3143 451 3197 auro,
479 3125 646 3183 cuius
671 3126 1008 3184 avidissima
1031 3145 1174 3201 gens
1201 3133 1307 3199 est,
1336 3126 1668 3203 principum
1694 3125 1878 3184 animi
1894 3126 2078 3184 conei-

288 3220 527 3281 lientur.
624 3222 727 3279 Ita
764 3223 1089 3299 peragratis
1129 3222 1440 3299 Hispaniae
1484 3229 1546 3280 et
1583 3222 1791 3280 Galliae
1825 3221 2072 3298 Populi&
2098 3248 2127 3285 9

288 3309 470 3393 legati
490 3318 742 3376 Romam
761 3320 1014 3378 redeunt
1037 3320 1199 3378 haud
1225 3321 1313 3377 ita
1338 3318 1528 3377 multo
1556 3308 1710 3396 post,⁸
1734 3337 1910 3395 quam
1941 3338 2073 3376 oon-

246 3460 250 3464 .
284 3413 445 3472 eules
469 3413 538 3474 in
561 3414 892 3492 provindas
926 3416 1174 3491 profecti
1217 3422 1408 3480 erant,
1487 3415 1806 3474 Civitatem
1845 3433 2072 3475 omnem
