2375 3842
298 257 383 318 28
934 303 943 313 .
1008 292 1012 296 -
1090 251 1319 310 LIVII

308 407 509 458 mento
535 400 833 470 haberent,
862 399 1134 457 omnibus
1160 399 1342 457 ferme
1378 398 1499 455 suis
1541 405 1702 455 trans
1737 398 2092 459 Rhodanum

311 496 570 555 traiectis
622 497 959 554 ulteriorem
1011 496 1202 572 ripam
1260 496 1452 553 amnis
1501 495 1679 553 armis
1731 496 2090 576 obtinebant.

261 609 285 646 ⁷
313 592 548 651 Ceteros
574 592 793 650 accolas
827 591 1088 651 fluminis
1127 591 1436 649 Hannibal
1475 597 1539 648 et
1576 611 1777 649 eorum
1815 592 2094 668 ipsorum,

310 707 457 764 quos
481 678 646 745 sedes
670 707 789 746 suae
814 694 1143 761 tenuerant,
1172 688 1348 746 simul
1373 688 1597 764 pellicit
1623 688 1791 746 donis
1817 690 1892 747 ad
1917 709 2097 747 naves

312 784 573 861 undique
623 785 1048 842 contrahendas
1097 784 1593 861 fabricandasque,
1639 784 1815 842 simul
1871 791 1934 842 et
1984 786 2099 862 ipsi

312 881 506 938 traiici
550 882 873 939 exercitum
917 881 1215 958 levarique
1265 892 1443 957 quam
1493 882 1751 958 primum
1801 881 2097 956 regionem

263 1000 287 1038 8
310 996 475 1034 suam
502 983 674 1035 tanta
698 977 1002 1036 hominum
1027 984 1273 1054 urgente
1299 979 1476 1035 turba
1500 978 1824 1055 cupiebant
1887 978 2099 1054 Itaque

312 1073 516 1149 ingens
556 1080 753 1132 coacta
789 1075 884 1132 vis
922 1074 1163 1132 navium
1208 1081 1298 1133 est
1338 1075 1721 1151 lintriumque
1767 1081 1985 1134 temere
2024 1075 2099 1133 ad

316 1170 625 1228 vicinalem
667 1191 840 1229 usum
879 1177 1216 1248 paratarum
1228 1192 1244 1244 3
1298 1190 1593 1248 novasque
1646 1171 1812 1234 alias.
1841 1172 2099 1248 primum

263 1292 287 1330 9
315 1267 476 1326 Galli
499 1268 839 1326 inchoantes
865 1266 1152 1326 cavabant
1177 1286 1254 1326 ex
1280 1268 1525 1344 singulis
1550 1268 1868 1341 arboribus,
1882 1258 2101 1327 'deinde

315 1371 379 1423 et
415 1365 528 1442 ipsi
569 1366 802 1439 milites,
849 1366 1025 1425 simul
1072 1365 1237 1442 copia
1282 1366 1555 1438 materiae,
1601 1365 1776 1423 simul
1820 1366 2103 1424 facilitate

316 1463 507 1539 operis
532 1462 775 1533 inducti,
806 1463 1000 1520 alveos
1034 1462 1328 1534 informes,
1357 1462 1529 1535 nihil,
1558 1462 1872 1519 dummodo
1896 1463 2103 1519 innare

90 1550 233 1629 „lr‘
317 1578 482 1636 aquae
510 1565 571 1617 et
596 1577 798 1635 capere
825 1579 1001 1617 onera
1026 1567 1279 1635 possent,
1310 1564 1599 1629 curantes,
1626 1558 1863 1634 raptim,
1890 1559 2102 1634 quibus

160 1654 290 1729 ὶῐς(37
316 1677 409 1716 who
460 1677 591 1717 fomes
645 1678 719 1717 the
757 1675 819 1713 se
838 1675 1057 1732 suaque
1071 1655 1533 1726 transveherent,
1562 1654 1868 1713 faciebant.
1951 1655 2106 1712 Iam·

317 1733 529 1808 mein
539 1724 721 1825 {aaut}
756 1770 869 1828 que
922 1752 1194 1808 omnibus
1247 1752 1390 1808 satis
1441 1751 1788 1827 comparatis
1830 1752 1905 1809 ad
1946 1751 2106 1808 traii-

316 1815 390 1901 {¹112
404 1815 648 1907 fflffim
674 1815 721 1854 ⁰¹
761 1846 1046 1918 ciendum,
1102 1847 1404 1904 terrebant
1456 1865 1532 1904 ex
1583 1847 1826 1906 adverso
1890 1847 2101 1918 hostes,

199 1966 293 2008 w
320 1961 555 2002 omnem
600 1942 790 2019 ripam
836 1943 1062 2019 equites
1112 1943 1345 2020 virique
1397 1944 1745 2001 obtinentes.
1831 1943 1991 2011 Quos
2035 1951 2104 2002 ut

323 2045 630 2113 averteret,
664 2039 1022 2098 Hannonem
1063 2040 1407 2099 Bomilcaris
1444 2035 1634 2098 filium
1673 2040 1878 2116 vigilia
1916 2040 2132 2123 prima,

319 2136 507 2194 noctis
534 2155 666 2195 cum
694 2142 861 2213 parte
887 2137 1201 2213 copiarum,
1236 2138 1493 2194 maxime
1529 2137 1834 2213 Hispanis,
1863 2138 2106 2197 adverso

271 2255 294 2292 3
320 2233 563 2293 flumine
586 2234 674 2293 ire
704 2235 820 2293 iter
854 2237 1031 2294 unius
1062 2236 1180 2293 diei
1218 2236 1387 2293 iubet
1417 2241 1502 2305 et,
1543 2231 1650 2292 ubi
1684 2235 1942 2311 primum
1980 2255 2107 2312 pos-

319 2332 415 2407 sit,
473 2351 651 2410 quam
695 2332 1083 2390 occultissime
1136 2332 1382 2389 traiecto
1449 2332 1625 2402 amni,
1675 2331 2106 2390 circumducere

323 2447 548 2505 agmen,
591 2433 676 2499 ut,
723 2446 906 2504 quum
950 2446 1096 2503 opus
1138 2427 1293 2484 facto
1326 2426 1430 2498 sit,
1476 2425 1776 2484 adoriatur
1819 2427 1896 2483 ab
1942 2433 2106 2502 tergo

270 2547 294 2583 4
319 2523 559 2582 hostem.
643 2520 746 2578 Ad
784 2521 849 2577 id
887 2521 1013 2578 dati
1052 2520 1228 2577 duces
1268 2519 1428 2577 Galli
1461 2519 1717 2592 edocent,
1744 2514 1886 2578 inde
1917 2518 2107 2579 millia

320 2618 581 2695 quinque
608 2622 668 2674 et
699 2616 915 2692 viginti
953 2611 1137 2673 ferme
1173 2635 1352 2693 supra
1390 2635 1585 2693 parvae
1623 2618 1830 2676 insulae
1861 2620 2107 2677 circum-

320 2711 518 2769 fusum
559 2729 793 2768 amnem
830 2710 1211 2783 latioreyrubi
1253 2711 1640 2786 dividebatur,
1688 2730 1870 2790 eoque
1910 2715 2106 2772 minus

273 2837 297 2875 ς
323 2807 445 2865 alto
480 2807 647 2864 alveo
680 2807 994 2864 transitum
1031 2808 1351 2869 ostendere.
1441 2810 1542 2868 Ibi
1578 2810 1796 2886 raptim
1821 2829 1966 2869 caesa
1990 2830 2108 2868 ma-

323 2902 477 2960 teria
504 2907 774 2976 ratesque
800 2901 1115 2973 fabricatae,
1148 2903 1215 2960 in
1242 2905 1456 2985 quibus
1482 2905 1622 2981 equi
1647 2905 1878 2980 ‚virique
1904 2911 1967 2963 et
1991 2906 2108 2964 alia

322 3013 499 3081 onera
524 2994 946 3054 traiicerentur.
1030 2996 1292 3074 Hispani
1330 3000 1457 3057 sine
1495 2999 1619 3056 ulla
1655 3000 1826 3072 mole,
1854 2999 1922 3057 in
1945 3007 2108 3060 utres

320 3093 687 3154 vestimentis
713 3094 1003 3167 coniectis,
1031 3094 1148 3171 ipsi
1185 3096 1376 3154 caetris
1415 3096 1793 3171 superpositis
1830 3095 2110 3156 incuban-

272 3214 298 3251 ⁶
321 3196 413 3249 tes
476 3191 696 3249 flumen
762 3198 1085 3249 tranavere.
1171 3191 1256 3249 Et
1320 3191 1472 3248 alius
1537 3191 1830 3250 exercitus
1881 3193 2107 3250 ratibus

322 3290 539 3349 iunctis
565 3292 862 3364 traiectus,
890 3290 1095 3348 castris
1121 3306 1302 3365 prope
1326 3286 1547 3345 fiumen
1571 3288 1793 3364 positis,
1820 3297 2109 3349 nocturno

323 3386 538 3446 itinere
587 3392 768 3464 atque
819 3384 1011 3464 operis
1053 3384 1253 3442 labore
1305 3383 1491 3441 fessus
1533 3383 1732 3461 quiete
1771 3386 1951 3444 unius
1992 3383 2109 3455 diei
