2375 3842
348 211 424 288 98
985 231 1010 287 .·
1129 225 1357 287 ΗνΠ
1469 234 1488 289 T

275 407 322 434 12
345 381 583 433 centum
606 372 838 450 viginti.
897 373 1095 449 Igitur
1120 373 1495 431 terrestribus
1520 391 1751 450 quoque
1779 371 1959 448 copiis
1986 371 2135 431 satis

266 516 273 522 .
344 471 530 529 fidens
569 471 871 529 Romanus
913 489 1098 546 usque
1131 470 1210 527 ad
1254 470 1471 531 saltum
1509 469 1987 528 Castulonensem
2040 474 2135 527 est

344 586 680 645 progressus
691 588 710 641 3
750 566 1091 625 Hasdrubal
1114 566 1182 624 in
1207 566 1577 623 Lusitaniam
1603 586 1670 623 ac
1694 565 1935 643 propius
1957 565 2136 623 Ocea-

344 682 489 721 num
515 664 809 721 concessit.
2061 713 2098 744 s
2139 667 2156 680 ²

243 773 319 830 21
467 759 748 829 Quietum
772 759 910 818 inde
935 760 1058 817 fore
1083 759 1396 818 videbatur
1419 759 1711 836 reliquum
1738 758 1958 816 aestatis
1973 763 2133 820 zem-

297 890 321 918 2
346 878 470 935 pus,
513 857 832 934 fuissetque
871 876 978 933 per
1012 856 1262 913 Poenum
1296 855 1525 914 hostem
1548 875 1567 928 3
1607 856 1709 914 sed
1742 860 2131 931 praeterquam

343 999 744 1091 sanaem
784 950 2132 1118 ἓξοῖξῗῒὲεῗῗὲῗὲἓῖἶὲἲῖᾏὲξ

342 1137 476 1221 ῗέθξξ*
486 1091 744 1221 ζξῗιῐξέἰιξὲἕ
779 1069 988 1225 donlius
1024 1146 1428 1222 Indibilisque,
1459 1146 1563 1222 qui
1596 1068 1774 1203 antei
1806 1144 2128 1220 Ilergetum

294 1282 318 1320 3
341 1228 741 1322 ξζωῇῗξῗξῗᾷῗ
779 1243 1017 1319 regulus
1041 1242 1250 1316 fuerat,
1272 1248 1579 1319 postquam
1598 1241 1859 1299 Romani
1877 1242 1951 1298 ab
1971 1240 2129 1305 saltu

342 1320 437 1359 ¹²⁹⁶·
781 1359 1080 1397 recessere·
1115 1340 1196 1398 ad
1242 1339 1610 1397 maritimam.
1650 1357 1828 1408 oram,
1886 1336 2129 1396 concitis

340 1436 733 1512 popularibus.
752 1436 818 1493 in
853 1455 1060 1512 agrum
1091 1441 1367 1512 pacatum
1392 1435 1693 1494 sociorum·
1720 1435 2126 1501 Romanorum

291 1563 314 1599 ⁴
340 1531 417 1588 ad
454 1532 866 1608 populandum·
894 1539 1199 1591 venerunt.
1283 1532 1589 1591 Adversus
1628 1550 1726 1590 eos
1757 1530 1987 1589 tribuni
2020 1531 2131 1587 mi-

338 1627 514 1684 litum
562 1647 697 1686 cum
750 1628 1040 1704 expeditis
1093 1628 1333 1687 auxiliis
1384 1649 1422 1685 a
1476 1628 1745 1704 Scipione
1797 1626 1963 1684 missi
2008 1626 2129 1684 levi

340 1719 674 1797 certamine,
727 1729 800 1781 ut
851 1725 1302 1782 tumultuariam
1354 1745 1628 1797 manum„
1661 1724 1862 1781 fudere
1904 1741 2125 1796 omnes,

339 1818 538 1877 occisis
572 1819 921 1896 quibusdam
950 1821 1795 1897 captisque-magnaqueparte
1821 1819 2002 1878 armis
2029 1839 2125 1877 ex-

289 1946 312 1982 5
337 1920 457 1973 uta.
570 1915 693 1973 Hic
745 1921 944 1973 tamen
996 1917 1289 1975 tumultus
1342 1918 1641 1975 cedentem
1693 1917 1781 1975 ad·
1824 1916 2123 1975 Oceanum

336 2010 773 2070 Hasdrubalem
800 2012 1217 2070 cisHiberum
1232 2013 1308 2070 ad
1334 2015 1518 2072 socios
1542 2013 1822 2072 tutandos
1846 2012 2120 2071 retraxit.

289 2120 314 2159 ⁶
338 2105 544 2165 Castra
585 2105 813 2165 Punica
855 2106 933 2166 in-
962 2126 1105 2183 agro
1149 2108 1704 2184 Ilergavonensium,
1761 2114 1952 2166 castra
2006 2108 2122 2166 Ro.

335 2220 511 2260 mana
560 2201 638 2259 ad
690 2200 925 2265 Novam
968 2203 1209 2266 classem
1255 2210 1442 2275 erant,
1489 2222 1685 2279 quum.
1713 2204 1870 2261 fama
1911 2223 2122 2279 repens

286 2330 309 2368 ⁷
332 2298 449 2357 alio
488 2298 708 2357 avertit
746 2300 980 2359 bellum.
1065 2300 1362 2375 Celtiberi,
1402 2300 1517 2376 qui.
1535 2301 1827 2377 principes
1863 2302 2122 2377 regionis

332 2413 451 2453 suae
496 2394 721 2470 legatos
770 2395 1042 2456 miserant
1085 2395 1426 2471 obsidesque
1451 2464 1457 2472 ,
1479 2394 1761 2454 dederant
1813 2396 2117 2467 Romania

329 2488 542 2546 nuntio
581 2488 758 2545 misso
797 2506 834 2544 a
874 2488 1142 2564 Scipione
1181 2488 1361 2546 exciti
1400 2507 1564 2546 arma
1602 2489 1843 2565 capiunt
1880 2489 2121 2564 provin-

329 2583 595 2658 ciamque
635 2582 1209 2657 Carthaginiensium
1246 2582 1442 2640 valido
1488 2583 1764 2643 exercitu.
1801 2582 2114 2641 invadunt.

280 2704 305 2743 3
331 2679 473 2737 Tria
506 2679 721 2756 oppida
751 2679 828 2745 vi,
843 2687 1182 2756 expugnant
1200 2699 1219 2753 3
1260 2679 1399 2740 inde
1426 2699 1559 2738 cum
1584 2680 1712 2755 ipso
1738 2680 2118 2739 Hasdrubale

328 2775 556 2843 duobus
594 2775 816 2851 proeliis
852 2776 1080 2851 egregie
1114 2781 1417 2852 pugnant3
1457 2776 1535 2833 ad
1565 2776 1901 2852 quindecim
1926 2779 2119 2837 millia

325 2875 586 2934 hostium
625 2872 979 2943 occiderunt,
1024 2880 1305 2947 quattuor
1338 2872 1524 2929 millia
1562 2891 1695 2936 cum
1731 2874 1937 2933 multis
1962 2876 2118 2932 mili.

324 2974 551 3032 taribus
577 2971 768 3048 signis
788 2968 1047 3045 capiunt.
1620 3031 1624 3038 ⁶

221 3075 297 3132 22
442 3070 578 3130 Hoc
604 3073 765 3125 statu
792 3084 987 3122 rerum
1013 3064 1077 3121 in
1106 3063 1399 3139 Hispania
1430 3063 1498 3126 P.
1544 3064 1740 3139 Scipio
1774 3065 1842 3121 in
1877 3064 2117 3142 provin-

321 3186 526 3270 P'ffl⁰
552 3196 600 3225 aa
625 3195 721 3234 pro-
762 3161 912 3219 ciam
963 3160 1143 3233 venit,
1201 3168 1512 3236 prorogato
1563 3168 1696 3236 post
1742 3160 2114 3219 consulatum

319 3243 491 3317 {gether
531 3231 720 3326 ⁰¹33&
757 3256 1003 3334 imperio
1042 3258 1118 3314 ab
1159 3260 1368 3314 senatu
1406 3255 1636 3328 missus,
1679 3276 1814 3315 cum
1861 3257 2116 3333 triginta

318 3354 510 3431 longis
555 3351 808 3414 navibus
860 3358 922 3412 et
966 3358 1098 3412 octo
1150 3352 1413 3410 millibus
1466 3352 1728 3410 militum
1780 3372 2114 3431 magnoque
