<?xml version="1.0" encoding="UTF-8"?>
<!DOCTYPE html PUBLIC "-//W3C//DTD XHTML 1.0 Transitional//EN"
    "http://www.w3.org/TR/xhtml1/DTD/xhtml1-transitional.dtd">
<html xmlns="http://www.w3.org/1999/xhtml" xml:lang="en" lang="en">
 <head>
  <title>
</title>
<meta http-equiv="Content-Type" content="text/html;charset=utf-8" />
  <meta name='ocr-system' content='tesseract 3.04.00' />
  <meta name='ocr-capabilities' content='ocr_page ocr_carea ocr_par ocr_line ocrx_word'/>
</head>
<body>
  <div class='ocr_page' id='page_1' title='image "./livybooksxxiand02capegoog_0129.png"; bbox 0 0 2375 3842; ppageno 0'>
   <div class='ocr_carea' id='block_1_1' title="bbox 940 263 2063 331">
    <p class='ocr_par' dir='ltr' id='par_1_1' title="bbox 940 263 2063 331">
     <span class='ocr_line' id='line_1_1' title="bbox 940 263 2063 331; baseline -0.005 -3"><span class='ocrx_word' id='word_1_1' title='bbox 940 265 1195 328; x_wconf 81' lang='lat' dir='ltr'><em>LIBER</em></span> <span class='ocrx_word' id='word_1_2' title='bbox 1246 266 1429 331; x_wconf 75' lang='lat' dir='ltr'><em>XXI.</em></span> <span class='ocrx_word' id='word_1_3' title='bbox 1988 263 2063 323; x_wconf 79' lang='lat'><strong>35</strong></span> 
     </span>
    </p>
   </div>
   <div class='ocr_carea' id='block_1_2' title="bbox 276 409 2157 3485">
    <p class='ocr_par' dir='ltr' id='par_1_2' title="bbox 276 409 2157 3485">
     <span class='ocr_line' id='line_1_2' title="bbox 291 409 2112 494; baseline -0.004 -19"><span class='ocrx_word' id='word_1_4' title='bbox 291 425 657 494; x_wconf 73' lang='lat' dir='ltr'><strong>stragemque</strong></span> <span class='ocrx_word' id='word_1_5' title='bbox 691 415 1001 476; x_wconf 74' lang='lat' dir='ltr'><strong>dedissent.</strong></span> <span class='ocrx_word' id='word_1_6' title='bbox 1082 414 1390 474; x_wconf 79' lang='lat' dir='ltr'><strong>Hannibal</strong></span> <span class='ocrx_word' id='word_1_7' title='bbox 1428 413 1737 474; x_wconf 77' lang='lat' dir='ltr'><strong>consistere</strong></span> <span class='ocrx_word' id='word_1_8' title='bbox 1761 410 1929 488; x_wconf 84' lang='lat' dir='ltr'><strong>signa</strong></span> <span class='ocrx_word' id='word_1_9' title='bbox 1951 409 2064 469; x_wconf 85' lang='lat' dir='ltr'><strong>ius-</strong></span> <span class='ocrx_word' id='word_1_10' title='bbox 2084 436 2112 478; x_wconf 76' lang='grc'><strong>9</strong></span> 
     </span>
     <span class='ocr_line' id='line_1_3' title="bbox 289 509 2064 607; baseline -0.003 -35"><span class='ocrx_word' id='word_1_11' title='bbox 289 514 407 587; x_wconf 81' lang='lat' dir='ltr'><strong>sit3</strong></span> <span class='ocrx_word' id='word_1_12' title='bbox 462 513 762 607; x_wconf 76' lang='lat' dir='ltr'><strong>Gallisque</strong></span> <span class='ocrx_word' id='word_1_13' title='bbox 813 513 890 571; x_wconf 88' lang='lat' dir='ltr'><strong>ad</strong></span> <span class='ocrx_word' id='word_1_14' title='bbox 928 512 1172 571; x_wconf 84' lang='lat' dir='ltr'><strong>visenda</strong></span> <span class='ocrx_word' id='word_1_15' title='bbox 1213 511 1339 571; x_wconf 87' lang='lat' dir='ltr'><strong>loca</strong></span> <span class='ocrx_word' id='word_1_16' title='bbox 1390 509 1713 591; x_wconf 71' lang='lat' dir='ltr'>praemissis,</span> <span class='ocrx_word' id='word_1_17' title='bbox 1758 513 2064 586; x_wconf 90' lang='lat' dir='ltr'><strong>postquam</strong></span> 
     </span>
     <span class='ocr_line' id='line_1_4' title="bbox 290 596 2065 700; baseline -0.001 -32"><span class='ocrx_word' id='word_1_18' title='bbox 290 609 587 687; x_wconf 87' lang='lat' dir='ltr'><strong>comperit,</strong></span> <span class='ocrx_word' id='word_1_19' title='bbox 628 596 944 668; x_wconf 74' lang='lat' dir='ltr'><strong>transitum</strong></span> <span class='ocrx_word' id='word_1_20' title='bbox 983 628 1052 668; x_wconf 89' lang='lat' dir='ltr'><strong>ea</strong></span> <span class='ocrx_word' id='word_1_21' title='bbox 1093 628 1214 667; x_wconf 87' lang='lat' dir='ltr'><strong>non</strong></span> <span class='ocrx_word' id='word_1_22' title='bbox 1257 628 1395 682; x_wconf 86' lang='lat' dir='ltr'><strong>esse,</strong></span> <span class='ocrx_word' id='word_1_23' title='bbox 1438 615 1629 667; x_wconf 71' lang='lat' dir='ltr'><strong>castm</strong></span> <span class='ocrx_word' id='word_1_24' title='bbox 1664 651 1756 690; x_wconf 69' lang='lat' dir='ltr'><strong>vno</strong></span> <span class='ocrx_word' id='word_1_25' title='bbox 1770 649 1966 691; x_wconf 51' lang='lat' dir='ltr'><strong>munh,</strong></span> <span class='ocrx_word' id='word_1_26' title='bbox 1974 659 2065 700; x_wconf 47' lang='grc' dir='ltr'><strong>ἢ,</strong></span> 
     </span>
     <span class='ocr_line' id='line_1_5' title="bbox 289 697 2007 783; baseline -0.001 -20"><span class='ocrx_word' id='word_1_27' title='bbox 289 705 446 763; x_wconf 87' lang='lat' dir='ltr'><strong>inter</strong></span> <span class='ocrx_word' id='word_1_28' title='bbox 461 706 798 783; x_wconf 86' lang='lat' dir='ltr'><strong>confragosa</strong></span> <span class='ocrx_word' id='word_1_29' title='bbox 811 705 1007 764; x_wconf 88' lang='lat' dir='ltr'><strong>omnia</strong></span> <span class='ocrx_word' id='word_1_30' title='bbox 1021 712 1442 783; x_wconf 66' lang='lat' dir='ltr'><strong>praeruptaque,</strong></span> <span class='ocrx_word' id='word_1_31' title='bbox 1452 724 1628 782; x_wconf 86' lang='lat' dir='ltr'><strong>quam</strong></span> <span class='ocrx_word' id='word_1_32' title='bbox 1667 697 1763 737; x_wconf 56' lang='grc' dir='ltr'><strong>’ω’</strong></span> <span class='ocrx_word' id='word_1_33' title='bbox 1778 707 1883 747; x_wconf 73' lang='lat'><strong>⁰⁹⁶⁰</strong></span> <span class='ocrx_word' id='word_1_34' title='bbox 1896 697 2007 737; x_wconf 68' lang='lat'>‘⁰⁸⁰⁸</span> 
     </span>
     <span class='ocr_line' id='line_1_6' title="bbox 290 801 2137 878; baseline 0.001 -19"><span class='ocrx_word' id='word_1_35' title='bbox 290 801 691 860; x_wconf 74' lang='lat' dir='ltr'><strong>extentissima</strong></span> <span class='ocrx_word' id='word_1_36' title='bbox 706 809 899 878; x_wconf 85' lang='lat' dir='ltr'><strong>potest</strong></span> <span class='ocrx_word' id='word_1_37' title='bbox 916 803 1085 878; x_wconf 81' lang='lat' dir='ltr'><strong>valle,</strong></span> <span class='ocrx_word' id='word_1_38' title='bbox 1102 801 1271 861; x_wconf 83' lang='lat' dir='ltr'><strong>locat.</strong></span> <span class='ocrx_word' id='word_1_39' title='bbox 1315 802 1467 860; x_wconf 83' lang='lat' dir='ltr'><strong>Tutn</strong></span> <span class='ocrx_word' id='word_1_40' title='bbox 1480 821 1587 878; x_wconf 87' lang='lat' dir='ltr'><strong>per</strong></span> <span class='ocrx_word' id='word_1_41' title='bbox 1600 803 1827 861; x_wconf 84' lang='lat' dir='ltr'><strong>eosdem</strong></span> <span class='ocrx_word' id='word_1_42' title='bbox 1844 801 2137 877; x_wconf 80' lang='lat' dir='ltr'><strong>Gallos,xo</strong></span> 
     </span>
     <span class='ocr_line' id='line_1_7' title="bbox 288 898 2061 976; baseline 0.001 -20"><span class='ocrx_word' id='word_1_43' title='bbox 288 898 448 956; x_wconf 88' lang='lat' dir='ltr'><strong>haud</strong></span> <span class='ocrx_word' id='word_1_44' title='bbox 457 918 594 956; x_wconf 86' lang='lat' dir='ltr'><strong>sane</strong></span> <span class='ocrx_word' id='word_1_45' title='bbox 608 898 862 957; x_wconf 88' lang='lat' dir='ltr'><strong>multum</strong></span> <span class='ocrx_word' id='word_1_46' title='bbox 876 898 1080 975; x_wconf 85' lang='lat' dir='ltr'><strong>lingua</strong></span> <span class='ocrx_word' id='word_1_47' title='bbox 1092 899 1465 976; x_wconf 84' lang='lat' dir='ltr'><strong>moribusque</strong></span> <span class='ocrx_word' id='word_1_48' title='bbox 1479 899 1854 958; x_wconf 75' lang='lat' dir='ltr'><strong>abhorrentes</strong></span> <span class='ocrx_word' id='word_1_49' title='bbox 1854 918 2061 976; x_wconf 90' lang='lat' dir='ltr'><strong>,quum</strong></span> 
     </span>
     <span class='ocr_line' id='line_1_8' title="bbox 290 993 2064 1072; baseline 0.001 -20"><span class='ocrx_word' id='word_1_50' title='bbox 290 1014 352 1052; x_wconf 86' lang='lat' dir='ltr'><strong>se</strong></span> <span class='ocrx_word' id='word_1_51' title='bbox 390 993 838 1052; x_wconf 81' lang='lat' dir='ltr'><strong>immiscuissent</strong></span> <span class='ocrx_word' id='word_1_52' title='bbox 876 995 1174 1072; x_wconf 74' lang='lat' dir='ltr'><strong>colloquiis</strong></span> <span class='ocrx_word' id='word_1_53' title='bbox 1212 1001 1638 1068; x_wconf 82' lang='lat' dir='ltr'><strong>montanorum,</strong></span> <span class='ocrx_word' id='word_1_54' title='bbox 1683 996 1934 1071; x_wconf 88' lang='lat' dir='ltr'><strong>edoctus,</strong></span> <span class='ocrx_word' id='word_1_55' title='bbox 1976 995 2064 1054; x_wconf 92' lang='lat' dir='ltr'><strong>in</strong></span> 
     </span>
     <span class='ocr_line' id='line_1_9' title="bbox 289 1091 2062 1169; baseline 0.001 -20"><span class='ocrx_word' id='word_1_56' title='bbox 289 1091 484 1149; x_wconf 88' lang='lat' dir='ltr'><strong>terdiu</strong></span> <span class='ocrx_word' id='word_1_57' title='bbox 521 1097 755 1149; x_wconf 88' lang='lat' dir='ltr'><strong>tantum</strong></span> <span class='ocrx_word' id='word_1_58' title='bbox 795 1091 1046 1149; x_wconf 77' lang='lat' dir='ltr'><strong>obsideri</strong></span> <span class='ocrx_word' id='word_1_59' title='bbox 1071 1091 1305 1164; x_wconf 85' lang='lat' dir='ltr'><strong>saltum,</strong></span> <span class='ocrx_word' id='word_1_60' title='bbox 1334 1096 1505 1150; x_wconf 87' lang='lat' dir='ltr'><strong>noete</strong></span> <span class='ocrx_word' id='word_1_61' title='bbox 1539 1091 1605 1150; x_wconf 91' lang='lat' dir='ltr'><strong>in</strong></span> <span class='ocrx_word' id='word_1_62' title='bbox 1638 1110 1746 1150; x_wconf 88' lang='lat' dir='ltr'><strong>sua</strong></span> <span class='ocrx_word' id='word_1_63' title='bbox 1775 1111 2062 1169; x_wconf 89' lang='lat' dir='ltr'><strong>quemque</strong></span> 
     </span>
     <span class='ocr_line' id='line_1_10' title="bbox 286 1187 2061 1266; baseline 0.001 -21"><span class='ocrx_word' id='word_1_64' title='bbox 286 1187 473 1246; x_wconf 88' lang='lat' dir='ltr'><strong>dilabi</strong></span> <span class='ocrx_word' id='word_1_65' title='bbox 509 1193 677 1261; x_wconf 74' lang='lat' dir='ltr'><strong>tecta,</strong></span> <span class='ocrx_word' id='word_1_66' title='bbox 720 1187 849 1245; x_wconf 89' lang='lat' dir='ltr'><strong>luce</strong></span> <span class='ocrx_word' id='word_1_67' title='bbox 882 1187 1074 1264; x_wconf 89' lang='lat' dir='ltr'><strong>prima</strong></span> <span class='ocrx_word' id='word_1_68' title='bbox 1110 1187 1295 1245; x_wconf 87' lang='lat' dir='ltr'><strong>subiit</strong></span> <span class='ocrx_word' id='word_1_69' title='bbox 1331 1188 1605 1260; x_wconf 84' lang='lat' dir='ltr'><strong>tumulos,</strong></span> <span class='ocrx_word' id='word_1_70' title='bbox 1639 1194 1711 1247; x_wconf 92' lang='lat' dir='ltr'><strong>ut</strong></span> <span class='ocrx_word' id='word_1_71' title='bbox 1747 1207 1825 1247; x_wconf 85' lang='lat' dir='ltr'><strong>ex</strong></span> <span class='ocrx_word' id='word_1_72' title='bbox 1861 1194 2061 1266; x_wconf 87' lang='lat' dir='ltr'><strong>aperto</strong></span> 
     </span>
     <span class='ocr_line' id='line_1_11' title="bbox 290 1283 2130 1361; baseline -0.001 -19"><span class='ocrx_word' id='word_1_73' title='bbox 290 1291 467 1361; x_wconf 86' lang='lat' dir='ltr'><strong>atque</strong></span> <span class='ocrx_word' id='word_1_74' title='bbox 491 1284 750 1342; x_wconf 86' lang='lat' dir='ltr'><strong>interdiu</strong></span> <span class='ocrx_word' id='word_1_75' title='bbox 774 1283 900 1341; x_wconf 82' lang='lat' dir='ltr'><strong>vim</strong></span> <span class='ocrx_word' id='word_1_76' title='bbox 926 1303 1030 1360; x_wconf 86' lang='lat' dir='ltr'><strong>per</strong></span> <span class='ocrx_word' id='word_1_77' title='bbox 1054 1284 1351 1360; x_wconf 82' lang='lat' dir='ltr'><strong>angustias</strong></span> <span class='ocrx_word' id='word_1_78' title='bbox 1375 1284 1653 1343; x_wconf 86' lang='lat' dir='ltr'><strong>facturus.</strong></span> <span class='ocrx_word' id='word_1_79' title='bbox 1709 1283 1827 1345; x_wconf 87' lang='lat' dir='ltr'><strong>Die</strong></span> <span class='ocrx_word' id='word_1_80' title='bbox 1851 1285 2061 1344; x_wconf 88' lang='lat' dir='ltr'><strong>deinde</strong></span> <span class='ocrx_word' id='word_1_81' title='bbox 2085 1313 2130 1342; x_wconf 79' lang='lat' dir='ltr'><strong>u</strong></span> 
     </span>
     <span class='ocr_line' id='line_1_12' title="bbox 290 1380 2057 1458; baseline -0.001 -19"><span class='ocrx_word' id='word_1_82' title='bbox 290 1381 617 1439; x_wconf 85' lang='lat' dir='ltr'><strong>simulando</strong></span> <span class='ocrx_word' id='word_1_83' title='bbox 662 1380 838 1455; x_wconf 89' lang='lat' dir='ltr'><strong>aliud,</strong></span> <span class='ocrx_word' id='word_1_84' title='bbox 885 1400 1061 1458; x_wconf 84' lang='lat' dir='ltr'><strong>quam</strong></span> <span class='ocrx_word' id='word_1_85' title='bbox 1106 1381 1264 1456; x_wconf 90' lang='lat' dir='ltr'><strong>quod</strong></span> <span class='ocrx_word' id='word_1_86' title='bbox 1314 1380 1646 1456; x_wconf 80' lang='lat' dir='ltr'><strong>parabatur,</strong></span> <span class='ocrx_word' id='word_1_87' title='bbox 1700 1386 2057 1458; x_wconf 85' lang='lat' dir='ltr'><strong>consumpto,</strong></span> 
     </span>
     <span class='ocr_line' id='line_1_13' title="bbox 290 1476 2061 1558; baseline 0 -23"><span class='ocrx_word' id='word_1_88' title='bbox 290 1497 473 1554; x_wconf 91' lang='lat' dir='ltr'><strong>quum</strong></span> <span class='ocrx_word' id='word_1_89' title='bbox 504 1479 721 1547; x_wconf 87' lang='lat' dir='ltr'><strong>eodem,</strong></span> <span class='ocrx_word' id='word_1_90' title='bbox 757 1497 874 1555; x_wconf 90' lang='lat' dir='ltr'><strong>quo</strong></span> <span class='ocrx_word' id='word_1_91' title='bbox 904 1478 1306 1558; x_wconf 38' lang='lat' dir='ltr'><strong>const-iterant,</strong></span> <span class='ocrx_word' id='word_1_92' title='bbox 1334 1476 1459 1535; x_wconf 91' lang='lat' dir='ltr'><strong>loco</strong></span> <span class='ocrx_word' id='word_1_93' title='bbox 1496 1482 1686 1536; x_wconf 83' lang='lat' dir='ltr'><strong>castra</strong></span> <span class='ocrx_word' id='word_1_94' title='bbox 1719 1477 2061 1536; x_wconf 86' lang='lat' dir='ltr'><strong>communis-</strong></span> 
     </span>
     <span class='ocr_line' id='line_1_14' title="bbox 291 1574 2133 1651; baseline 0.002 -20"><span class='ocrx_word' id='word_1_95' title='bbox 291 1582 440 1647; x_wconf 87' lang='lat' dir='ltr'><strong>sent,</strong></span> <span class='ocrx_word' id='word_1_96' title='bbox 488 1574 593 1633; x_wconf 90' lang='lat' dir='ltr'><strong>ubi</strong></span> <span class='ocrx_word' id='word_1_97' title='bbox 632 1575 887 1651; x_wconf 87' lang='lat' dir='ltr'><strong>primum</strong></span> <span class='ocrx_word' id='word_1_98' title='bbox 933 1574 1232 1650; x_wconf 81' lang='lat' dir='ltr'><strong>degressos</strong></span> <span class='ocrx_word' id='word_1_99' title='bbox 1270 1574 1516 1632; x_wconf 87' lang='lat' dir='ltr'><strong>tumulis</strong></span> <span class='ocrx_word' id='word_1_100' title='bbox 1557 1580 1862 1633; x_wconf 89' lang='lat' dir='ltr'><strong>montanos</strong></span> <span class='ocrx_word' id='word_1_101' title='bbox 1905 1575 2061 1634; x_wconf 76' lang='lat' dir='ltr'><strong>laxa-</strong></span> <span class='ocrx_word' id='word_1_102' title='bbox 2086 1598 2133 1626; x_wconf 66' lang='grc' dir='ltr'><strong>ιι</strong></span> 
     </span>
     <span class='ocr_line' id='line_1_15' title="bbox 288 1670 2061 1748; baseline 0.001 -19"><span class='ocrx_word' id='word_1_103' title='bbox 288 1678 493 1748; x_wconf 83' lang='lat' dir='ltr'><strong>tasque</strong></span> <span class='ocrx_word' id='word_1_104' title='bbox 533 1672 714 1730; x_wconf 87' lang='lat' dir='ltr'><strong>sensit</strong></span> <span class='ocrx_word' id='word_1_105' title='bbox 764 1672 1068 1745; x_wconf 82' lang='lat' dir='ltr'><strong>custodias,</strong></span> <span class='ocrx_word' id='word_1_106' title='bbox 1123 1670 1391 1748; x_wconf 87' lang='lat' dir='ltr'><strong>pluribus</strong></span> <span class='ocrx_word' id='word_1_107' title='bbox 1440 1671 1676 1747; x_wconf 86' lang='lat' dir='ltr'><strong>ignibus</strong></span> <span class='ocrx_word' id='word_1_108' title='bbox 1727 1691 1903 1748; x_wconf 88' lang='lat' dir='ltr'><strong>quam</strong></span> <span class='ocrx_word' id='word_1_109' title='bbox 1953 1690 2061 1748; x_wconf 92' lang='lat' dir='ltr'><strong>pro</strong></span> 
     </span>
     <span class='ocr_line' id='line_1_16' title="bbox 287 1767 2059 1846; baseline 0.002 -22"><span class='ocrx_word' id='word_1_110' title='bbox 287 1787 529 1826; x_wconf 87' lang='lat' dir='ltr'><strong>numero</strong></span> <span class='ocrx_word' id='word_1_111' title='bbox 554 1769 917 1827; x_wconf 89' lang='lat' dir='ltr'><strong>manentium</strong></span> <span class='ocrx_word' id='word_1_112' title='bbox 948 1768 1013 1826; x_wconf 91' lang='lat' dir='ltr'><strong>in</strong></span> <span class='ocrx_word' id='word_1_113' title='bbox 1047 1768 1298 1846; x_wconf 86' lang='lat' dir='ltr'><strong>speciem</strong></span> <span class='ocrx_word' id='word_1_114' title='bbox 1322 1768 1493 1826; x_wconf 85' lang='lat' dir='ltr'><strong>factis</strong></span> <span class='ocrx_word' id='word_1_115' title='bbox 1518 1767 2059 1846; x_wconf 85' lang='lat' dir='ltr'><strong>impedimentisque</strong></span> 
     </span>
     <span class='ocr_line' id='line_1_17' title="bbox 288 1864 2132 1942; baseline 0.004 -21"><span class='ocrx_word' id='word_1_116' title='bbox 288 1883 421 1931; x_wconf 90' lang='lat' dir='ltr'><strong>cum</strong></span> <span class='ocrx_word' id='word_1_117' title='bbox 445 1866 642 1942; x_wconf 85' lang='lat' dir='ltr'><strong>equite</strong></span> <span class='ocrx_word' id='word_1_118' title='bbox 665 1865 885 1923; x_wconf 86' lang='lat' dir='ltr'><strong>relictis</strong></span> <span class='ocrx_word' id='word_1_119' title='bbox 910 1871 974 1923; x_wconf 89' lang='lat' dir='ltr'><strong>et</strong></span> <span class='ocrx_word' id='word_1_120' title='bbox 997 1866 1253 1924; x_wconf 87' lang='lat' dir='ltr'><strong>maxima</strong></span> <span class='ocrx_word' id='word_1_121' title='bbox 1277 1871 1452 1942; x_wconf 74' lang='lat' dir='ltr'><strong>parte·</strong></span> <span class='ocrx_word' id='word_1_122' title='bbox 1469 1864 1749 1942; x_wconf 86' lang='lat' dir='ltr'><strong>peditum,</strong></span> <span class='ocrx_word' id='word_1_123' title='bbox 1777 1866 1900 1942; x_wconf 87' lang='lat' dir='ltr'><strong>ipse</strong></span> <span class='ocrx_word' id='word_1_124' title='bbox 1926 1884 2057 1923; x_wconf 85' lang='lat' dir='ltr'><strong>cum</strong></span> <span class='ocrx_word' id='word_1_125' title='bbox 2084 1889 2132 1928; x_wconf 80' lang='lat'><strong>¹3</strong></span> 
     </span>
     <span class='ocr_line' id='line_1_18' title="bbox 287 1962 2059 2040; baseline 0 -21"><span class='ocrx_word' id='word_1_126' title='bbox 287 1962 590 2038; x_wconf 85' lang='lat' dir='ltr'><strong>expeditis,</strong></span> <span class='ocrx_word' id='word_1_127' title='bbox 645 1962 925 2020; x_wconf 89' lang='lat' dir='ltr'><strong>acerrimo</strong></span> <span class='ocrx_word' id='word_1_128' title='bbox 987 1981 1220 2040; x_wconf 86' lang='lat' dir='ltr'><strong>quoque</strong></span> <span class='ocrx_word' id='word_1_129' title='bbox 1280 1963 1425 2035; x_wconf 81' lang='lat' dir='ltr'><strong>viro,</strong></span> <span class='ocrx_word' id='word_1_130' title='bbox 1480 1962 1699 2038; x_wconf 88' lang='lat' dir='ltr'><strong>raptim</strong></span> <span class='ocrx_word' id='word_1_131' title='bbox 1762 1962 2059 2039; x_wconf 83' lang='lat' dir='ltr'><strong>angustias</strong></span> 
     </span>
     <span class='ocr_line' id='line_1_19' title="bbox 288 2058 2154 2148; baseline 0.002 -35"><span class='ocrx_word' id='word_1_132' title='bbox 288 2058 484 2116; x_wconf 86' lang='lat' dir='ltr'><strong>evadit</strong></span> <span class='ocrx_word' id='word_1_133' title='bbox 508 2059 695 2135; x_wconf 87' lang='lat' dir='ltr'><strong>iisque</strong></span> <span class='ocrx_word' id='word_1_134' title='bbox 720 2059 863 2138; x_wconf 89' lang='lat' dir='ltr'><strong>ipsis</strong></span> <span class='ocrx_word' id='word_1_135' title='bbox 887 2059 1149 2132; x_wconf 88' lang='lat' dir='ltr'><strong>tumulis,</strong></span> <span class='ocrx_word' id='word_1_136' title='bbox 1178 2078 1323 2135; x_wconf 88' lang='lat' dir='ltr'><strong>quos</strong></span> <span class='ocrx_word' id='word_1_137' title='bbox 1347 2059 1542 2117; x_wconf 88' lang='lat' dir='ltr'><strong>hostes</strong></span> <span class='ocrx_word' id='word_1_138' title='bbox 1572 2064 1900 2130; x_wconf 86' lang='lat' dir='ltr'><strong>tenuerant,</strong></span> <span class='ocrx_word' id='word_1_139' title='bbox 1929 2078 2154 2148; x_wconf 50' lang='lat' dir='ltr'><strong>con-“-</strong></span> 
     </span>
     <span class='ocr_line' id='line_1_20' title="bbox 286 2154 2157 2231; baseline 0.002 -20"><span class='ocrx_word' id='word_1_140' title='bbox 286 2154 450 2214; x_wconf 82' lang='lat' dir='ltr'><strong>sedit.</strong></span> <span class='ocrx_word' id='word_1_141' title='bbox 540 2155 741 2213; x_wconf 88' lang='lat' dir='ltr'><strong>Prima</strong></span> <span class='ocrx_word' id='word_1_142' title='bbox 778 2155 988 2212; x_wconf 91' lang='lat' dir='ltr'><strong>deinde</strong></span> <span class='ocrx_word' id='word_1_143' title='bbox 1021 2155 1150 2214; x_wconf 92' lang='lat' dir='ltr'><strong>luce</strong></span> <span class='ocrx_word' id='word_1_144' title='bbox 1185 2161 1378 2213; x_wconf 87' lang='lat' dir='ltr'><strong>castra</strong></span> <span class='ocrx_word' id='word_1_145' title='bbox 1408 2161 1569 2213; x_wconf 86' lang='lat' dir='ltr'><strong>mota</strong></span> <span class='ocrx_word' id='word_1_146' title='bbox 1593 2161 1656 2212; x_wconf 88' lang='lat' dir='ltr'><strong>et</strong></span> <span class='ocrx_word' id='word_1_147' title='bbox 1681 2175 1889 2231; x_wconf 81' lang='lat' dir='ltr'><strong>agmen</strong></span> <span class='ocrx_word' id='word_1_148' title='bbox 1926 2155 2056 2213; x_wconf 86' lang='lat' dir='ltr'><strong>reli-</strong></span> <span class='ocrx_word' id='word_1_149' title='bbox 2082 2156 2157 2214; x_wconf 87' lang='grc'><strong>33</strong></span> 
     </span>
     <span class='ocr_line' id='line_1_21' title="bbox 286 2250 2107 2327; baseline 0.001 -19"><span class='ocrx_word' id='word_1_150' title='bbox 286 2270 469 2327; x_wconf 90' lang='lat' dir='ltr'><strong>quum</strong></span> <span class='ocrx_word' id='word_1_151' title='bbox 497 2251 777 2309; x_wconf 83' lang='lat' dir='ltr'><strong>incedere</strong></span> <span class='ocrx_word' id='word_1_152' title='bbox 821 2251 1010 2327; x_wconf 87' lang='lat' dir='ltr'><strong>coepit.</strong></span> <span class='ocrx_word' id='word_1_153' title='bbox 1111 2251 1243 2308; x_wconf 92' lang='lat' dir='ltr'><strong>Iam</strong></span> <span class='ocrx_word' id='word_1_154' title='bbox 1286 2251 1552 2308; x_wconf 87' lang='lat' dir='ltr'><strong>montani</strong></span> <span class='ocrx_word' id='word_1_155' title='bbox 1596 2250 1761 2327; x_wconf 83' lang='lat' dir='ltr'><strong>signo</strong></span> <span class='ocrx_word' id='word_1_156' title='bbox 1806 2252 1946 2309; x_wconf 88' lang='lat' dir='ltr'><strong>dato</strong></span> <span class='ocrx_word' id='word_1_157' title='bbox 1982 2270 2058 2309; x_wconf 81' lang='lat' dir='ltr'><strong>ex</strong></span> <span class='ocrx_word' id='word_1_158' title='bbox 2081 2279 2107 2309; x_wconf 72' lang='lat'><em>2</em></span> 
     </span>
     <span class='ocr_line' id='line_1_22' title="bbox 282 2345 2058 2423; baseline 0 -18"><span class='ocrx_word' id='word_1_159' title='bbox 282 2346 538 2407; x_wconf 81' lang='lat' dir='ltr'><strong>castellis</strong></span> <span class='ocrx_word' id='word_1_160' title='bbox 567 2347 643 2405; x_wconf 92' lang='lat' dir='ltr'><strong>ad</strong></span> <span class='ocrx_word' id='word_1_161' title='bbox 678 2348 990 2405; x_wconf 85' lang='lat' dir='ltr'><strong>stationem</strong></span> <span class='ocrx_word' id='word_1_162' title='bbox 1022 2346 1255 2404; x_wconf 86' lang='lat' dir='ltr'><strong>solitam</strong></span> <span class='ocrx_word' id='word_1_163' title='bbox 1288 2345 1728 2417; x_wconf 82' lang='lat' dir='ltr'><strong>conveniebant,</strong></span> <span class='ocrx_word' id='word_1_164' title='bbox 1756 2365 1938 2423; x_wconf 88' lang='lat' dir='ltr'><strong>quum</strong></span> <span class='ocrx_word' id='word_1_165' title='bbox 1972 2366 2058 2405; x_wconf 87' lang='lat' dir='ltr'><strong>re-</strong></span> 
     </span>
     <span class='ocr_line' id='line_1_23' title="bbox 286 2433 2058 2519; baseline 0.001 -20"><span class='ocrx_word' id='word_1_166' title='bbox 286 2448 463 2519; x_wconf 86' lang='lat' dir='ltr'><strong>pente</strong></span> <span class='ocrx_word' id='word_1_167' title='bbox 490 2443 853 2518; x_wconf 75' lang='lat' dir='ltr'><strong>conspiciunt</strong></span> <span class='ocrx_word' id='word_1_168' title='bbox 877 2443 1040 2516; x_wconf 91' lang='lat' dir='ltr'><strong>alios,</strong></span> <span class='ocrx_word' id='word_1_169' title='bbox 1068 2461 1200 2500; x_wconf 87' lang='lat' dir='ltr'><strong>arce</strong></span> <span class='ocrx_word' id='word_1_170' title='bbox 1226 2446 1503 2517; x_wconf 85' lang='lat' dir='ltr'><strong>occupata</strong></span> <span class='ocrx_word' id='word_1_171' title='bbox 1526 2460 1647 2513; x_wconf 87' lang='lat' dir='ltr'><strong>sua,</strong></span> <span class='ocrx_word' id='word_1_172' title='bbox 1678 2461 1851 2518; x_wconf 87' lang='lat' dir='ltr'><strong>super</strong></span> <span class='ocrx_word' id='word_1_173' title='bbox 1882 2433 2058 2519; x_wconf 83' lang='lat' dir='ltr'><strong>caput</strong></span> 
     </span>
     <span class='ocr_line' id='line_1_24' title="bbox 285 2524 2104 2616; baseline 0.001 -20"><span class='ocrx_word' id='word_1_174' title='bbox 285 2539 673 2610; x_wconf 86' lang='lat' dir='ltr'><strong>imminentes,</strong></span> <span class='ocrx_word' id='word_1_175' title='bbox 703 2539 847 2597; x_wconf 88' lang='lat' dir='ltr'><strong>alios</strong></span> <span class='ocrx_word' id='word_1_176' title='bbox 871 2540 972 2597; x_wconf 85' lang='lat' dir='ltr'><strong>via</strong></span> <span class='ocrx_word' id='word_1_177' title='bbox 1005 2524 1255 2596; x_wconf 55' lang='lat' dir='ltr'><strong>tran-sire</strong></span> <span class='ocrx_word' id='word_1_178' title='bbox 1289 2538 1499 2596; x_wconf 86' lang='lat' dir='ltr'><strong>hostes.</strong></span> <span class='ocrx_word' id='word_1_179' title='bbox 1583 2537 1855 2616; x_wconf 83' lang='lat' dir='ltr'><strong>Utraque</strong></span> <span class='ocrx_word' id='word_1_180' title='bbox 1880 2538 2055 2597; x_wconf 85' lang='lat' dir='ltr'><strong>simul</strong></span> <span class='ocrx_word' id='word_1_181' title='bbox 2078 2557 2104 2597; x_wconf 81' lang='lat'>³</span> 
     </span>
     <span class='ocr_line' id='line_1_25' title="bbox 284 2633 2053 2722; baseline 0 -28"><span class='ocrx_word' id='word_1_182' title='bbox 284 2636 510 2722; x_wconf 60' lang='lat' dir='ltr'><strong>Qeeta</strong></span> <span class='ocrx_word' id='word_1_183' title='bbox 546 2654 640 2693; x_wconf 86' lang='lat' dir='ltr'><strong>res</strong></span> <span class='ocrx_word' id='word_1_184' title='bbox 671 2635 852 2693; x_wconf 86' lang='lat' dir='ltr'><strong>oculis</strong></span> <span class='ocrx_word' id='word_1_185' title='bbox 889 2635 1212 2710; x_wconf 87' lang='lat' dir='ltr'><strong>animisque</strong></span> <span class='ocrx_word' id='word_1_186' title='bbox 1249 2633 1576 2701; x_wconf 86' lang='lat' dir='ltr'><strong>immobiles</strong></span> <span class='ocrx_word' id='word_1_187' title='bbox 1611 2654 1922 2715; x_wconf 59' lang='lat' dir='ltr'><strong>pafflmper</strong></span> <span class='ocrx_word' id='word_1_188' title='bbox 1958 2655 2053 2694; x_wconf 89' lang='lat' dir='ltr'><strong>eos</strong></span> 
     </span>
     <span class='ocr_line' id='line_1_26' title="bbox 284 2730 2054 2810; baseline 0.001 -21"><span class='ocrx_word' id='word_1_189' title='bbox 284 2733 530 2805; x_wconf 80' lang='lat' dir='ltr'><strong>defixit3</strong></span> <span class='ocrx_word' id='word_1_190' title='bbox 568 2731 791 2804; x_wconf 89' lang='lat' dir='ltr'><strong>deiude,</strong></span> <span class='ocrx_word' id='word_1_191' title='bbox 828 2736 900 2789; x_wconf 88' lang='lat' dir='ltr'><strong>ut</strong></span> <span class='ocrx_word' id='word_1_192' title='bbox 938 2730 1384 2805; x_wconf 84' lang='lat' dir='ltr'><strong>trepidationem</strong></span> <span class='ocrx_word' id='word_1_193' title='bbox 1419 2731 1486 2789; x_wconf 88' lang='lat' dir='ltr'><strong>in</strong></span> <span class='ocrx_word' id='word_1_194' title='bbox 1516 2731 1798 2809; x_wconf 82' lang='lat' dir='ltr'><strong>augustiis</strong></span> <span class='ocrx_word' id='word_1_195' title='bbox 1836 2751 2054 2810; x_wconf 87' lang='lat' dir='ltr'><strong>suoque</strong></span> 
     </span>
     <span class='ocr_line' id='line_1_27' title="bbox 282 2826 2053 2904; baseline 0.001 -20"><span class='ocrx_word' id='word_1_196' title='bbox 282 2826 473 2904; x_wconf 91' lang='lat' dir='ltr'><strong>ipsum</strong></span> <span class='ocrx_word' id='word_1_197' title='bbox 515 2828 778 2886; x_wconf 88' lang='lat' dir='ltr'><strong>tumultu</strong></span> <span class='ocrx_word' id='word_1_198' title='bbox 824 2826 1054 2884; x_wconf 83' lang='lat' dir='ltr'><strong>misceri</strong></span> <span class='ocrx_word' id='word_1_199' title='bbox 1093 2845 1302 2902; x_wconf 86' lang='lat' dir='ltr'><strong>agmen</strong></span> <span class='ocrx_word' id='word_1_200' title='bbox 1341 2828 1557 2900; x_wconf 80' lang='lat' dir='ltr'><strong>videre,</strong></span> <span class='ocrx_word' id='word_1_201' title='bbox 1599 2829 1764 2904; x_wconf 91' lang='lat' dir='ltr'><strong>equis</strong></span> <span class='ocrx_word' id='word_1_202' title='bbox 1798 2830 2053 2887; x_wconf 84' lang='lat' dir='ltr'><strong>maxime</strong></span> 
     </span>
     <span class='ocr_line' id='line_1_28' title="bbox 283 2922 2101 3002; baseline 0 -20"><span class='ocrx_word' id='word_1_203' title='bbox 283 2926 682 2999; x_wconf 85' lang='lat' dir='ltr'><strong>consternatis,</strong></span> <span class='ocrx_word' id='word_1_204' title='bbox 710 2923 986 3002; x_wconf 87' lang='lat' dir='ltr'><strong>quicquid</strong></span> <span class='ocrx_word' id='word_1_205' title='bbox 1012 2922 1354 2982; x_wconf 86' lang='lat' dir='ltr'><strong>adiecissent</strong></span> <span class='ocrx_word' id='word_1_206' title='bbox 1378 2924 1493 3000; x_wconf 86' lang='lat' dir='ltr'><strong>ipsi</strong></span> <span class='ocrx_word' id='word_1_207' title='bbox 1517 2925 1771 2998; x_wconf 84' lang='lat' dir='ltr'><strong>terroris,</strong></span> <span class='ocrx_word' id='word_1_208' title='bbox 1801 2925 1946 2985; x_wconf 87' lang='lat' dir='ltr'><strong>satis</strong></span> <span class='ocrx_word' id='word_1_209' title='bbox 1978 2925 2052 2982; x_wconf 89' lang='lat' dir='ltr'><strong>ad</strong></span> <span class='ocrx_word' id='word_1_210' title='bbox 2076 2952 2101 2988; x_wconf 76' lang='lat'>⁴</span> 
     </span>
     <span class='ocr_line' id='line_1_29' title="bbox 281 3019 2052 3096; baseline -0.001 -18"><span class='ocrx_word' id='word_1_211' title='bbox 281 3022 592 3096; x_wconf 88' lang='lat' dir='ltr'><strong>perniciem</strong></span> <span class='ocrx_word' id='word_1_212' title='bbox 617 3021 741 3081; x_wconf 87' lang='lat' dir='ltr'><strong>fore</strong></span> <span class='ocrx_word' id='word_1_213' title='bbox 767 3022 899 3094; x_wconf 87' lang='lat' dir='ltr'><strong>rati,</strong></span> <span class='ocrx_word' id='word_1_214' title='bbox 927 3019 1274 3079; x_wconf 86' lang='lat' dir='ltr'><strong>transversis</strong></span> <span class='ocrx_word' id='word_1_215' title='bbox 1298 3021 1542 3096; x_wconf 85' lang='lat' dir='ltr'><strong>rupibus</strong></span> <span class='ocrx_word' id='word_1_216' title='bbox 1565 3040 1671 3096; x_wconf 86' lang='lat' dir='ltr'><strong>per</strong></span> <span class='ocrx_word' id='word_1_217' title='bbox 1694 3021 1865 3077; x_wconf 87' lang='lat' dir='ltr'><strong>iuxta</strong></span> <span class='ocrx_word' id='word_1_218' title='bbox 1889 3020 2052 3078; x_wconf 84' lang='lat' dir='ltr'><strong>invia</strong></span> 
     </span>
     <span class='ocr_line' id='line_1_30' title="bbox 281 3115 2099 3177; baseline 0.001 -3"><span class='ocrx_word' id='word_1_219' title='bbox 281 3136 348 3174; x_wconf 89' lang='lat' dir='ltr'><strong>ao</strong></span> <span class='ocrx_word' id='word_1_220' title='bbox 373 3118 543 3176; x_wconf 86' lang='lat' dir='ltr'><strong>devia</strong></span> <span class='ocrx_word' id='word_1_221' title='bbox 578 3119 797 3177; x_wconf 88' lang='lat' dir='ltr'><strong>assueti</strong></span> <span class='ocrx_word' id='word_1_222' title='bbox 822 3119 1152 3177; x_wconf 87' lang='lat' dir='ltr'><strong>decurrunt.</strong></span> <span class='ocrx_word' id='word_1_223' title='bbox 1234 3115 1385 3173; x_wconf 84' lang='lat' dir='ltr'><strong>Tum</strong></span> <span class='ocrx_word' id='word_1_224' title='bbox 1411 3134 1549 3177; x_wconf 76' lang='lat' dir='ltr'><strong>vero</strong></span> <span class='ocrx_word' id='word_1_225' title='bbox 1576 3116 1751 3175; x_wconf 89' lang='lat' dir='ltr'><strong>simul</strong></span> <span class='ocrx_word' id='word_1_226' title='bbox 1776 3116 1850 3174; x_wconf 84' lang='lat' dir='ltr'><strong>ab</strong></span> <span class='ocrx_word' id='word_1_227' title='bbox 1877 3117 2051 3174; x_wconf 87' lang='lat' dir='ltr'><strong>hosti·</strong></span> <span class='ocrx_word' id='word_1_228' title='bbox 2075 3139 2099 3176; x_wconf 82' lang='lat'><strong>⁵</strong></span> 
     </span>
     <span class='ocr_line' id='line_1_31' title="bbox 281 3212 2048 3293; baseline 0.001 -23"><span class='ocrx_word' id='word_1_229' title='bbox 281 3215 407 3286; x_wconf 87' lang='lat' dir='ltr'><strong>bus,</strong></span> <span class='ocrx_word' id='word_1_230' title='bbox 436 3214 611 3273; x_wconf 89' lang='lat' dir='ltr'><strong>simul</strong></span> <span class='ocrx_word' id='word_1_231' title='bbox 636 3217 710 3276; x_wconf 89' lang='lat' dir='ltr'><strong>ab</strong></span> <span class='ocrx_word' id='word_1_232' title='bbox 736 3215 1048 3293; x_wconf 86' lang='lat' dir='ltr'><strong>iniquitate</strong></span> <span class='ocrx_word' id='word_1_233' title='bbox 1072 3213 1332 3271; x_wconf 85' lang='lat' dir='ltr'><strong>locorum</strong></span> <span class='ocrx_word' id='word_1_234' title='bbox 1352 3212 1521 3271; x_wconf 84' lang='lat' dir='ltr'><strong>Poeni</strong></span> <span class='ocrx_word' id='word_1_235' title='bbox 1548 3213 2048 3291; x_wconf 87' lang='lat' dir='ltr'><strong>oppugnabantur,</strong></span> 
     </span>
     <span class='ocr_line' id='line_1_32' title="bbox 279 3309 2047 3388; baseline 0.001 -21"><span class='ocrx_word' id='word_1_236' title='bbox 279 3311 524 3387; x_wconf 87' lang='lat' dir='ltr'><strong>plusque</strong></span> <span class='ocrx_word' id='word_1_237' title='bbox 562 3311 720 3369; x_wconf 87' lang='lat' dir='ltr'><strong>inter</strong></span> <span class='ocrx_word' id='word_1_238' title='bbox 753 3312 920 3388; x_wconf 86' lang='lat' dir='ltr'><strong>ipsos,</strong></span> <span class='ocrx_word' id='word_1_239' title='bbox 951 3310 1064 3369; x_wconf 88' lang='lat' dir='ltr'><strong>sibi</strong></span> <span class='ocrx_word' id='word_1_240' title='bbox 1097 3327 1328 3385; x_wconf 89' lang='lat' dir='ltr'><strong>quoque</strong></span> <span class='ocrx_word' id='word_1_241' title='bbox 1363 3309 1656 3382; x_wconf 87' lang='lat' dir='ltr'><strong>tendente,</strong></span> <span class='ocrx_word' id='word_1_242' title='bbox 1684 3315 1756 3368; x_wconf 88' lang='lat' dir='ltr'><strong>ut</strong></span> <span class='ocrx_word' id='word_1_243' title='bbox 1794 3309 2047 3386; x_wconf 88' lang='lat' dir='ltr'><strong>periculo</strong></span> 
     </span>
     <span class='ocr_line' id='line_1_33' title="bbox 276 3405 2046 3485; baseline 0.001 -20"><span class='ocrx_word' id='word_1_244' title='bbox 276 3405 443 3483; x_wconf 84' lang='lat' dir='ltr'><strong>prius</strong></span> <span class='ocrx_word' id='word_1_245' title='bbox 483 3408 770 3481; x_wconf 84' lang='lat' dir='ltr'><strong>evaderet,</strong></span> <span class='ocrx_word' id='word_1_246' title='bbox 814 3418 988 3485; x_wconf 89' lang='lat' dir='ltr'><strong>quam</strong></span> <span class='ocrx_word' id='word_1_247' title='bbox 1040 3425 1174 3464; x_wconf 91' lang='lat' dir='ltr'><strong>cum</strong></span> <span class='ocrx_word' id='word_1_248' title='bbox 1221 3405 1488 3464; x_wconf 83' lang='lat' dir='ltr'><strong>hostibus</strong></span> <span class='ocrx_word' id='word_1_249' title='bbox 1531 3406 1864 3464; x_wconf 81' lang='lat' dir='ltr'><strong>certaminis</strong></span> <span class='ocrx_word' id='word_1_250' title='bbox 1901 3412 2046 3467; x_wconf 80' lang='lat' dir='ltr'><strong>erat.</strong></span> 
     </span>
    </p>
   </div>
   <div class='ocr_carea' id='block_1_3' title="bbox 1712 3519 1880 3582">
    <p class='ocr_par' dir='ltr' id='par_1_3' title="bbox 1712 3519 1880 3582">
     <span class='ocr_line' id='line_1_34' title="bbox 1712 3519 1880 3582; baseline -0.018 0"><span class='ocrx_word' id='word_1_251' title='bbox 1712 3519 1880 3582; x_wconf 81' lang='lat'><strong>3—2</strong></span> 
     </span>
    </p>
   </div>
  </div>
 </body>
</html>
