2375 3842
916 262 1181 323 LIBER
1231 259 1415 324 XXI.
1978 263 2054 327 67

275 410 575 490 provincia
606 415 771 482 erat3
815 402 951 467 eum
967 408 1302 486 reliquerat
1334 407 1643 466 Hannibal
1679 406 1756 467 ad
1801 406 2056 485 regionis

274 509 398 567 eius
437 505 789 585 praesidium.
873 504 1103 581 Itaque,
1131 505 1473 582 priusquam
1509 504 1907 562 alienarentur
1938 524 2058 571 om-
2093 550 2098 557 .

274 605 389 676 nia,
427 601 664 665 obviam
703 600 961 659 eundum
1000 606 1184 674 ratus,
1227 601 1432 659 castris
1471 601 1535 658 in
1580 608 1891 679 conspectu
1929 601 2056 661 hos-

274 699 425 756 tium
448 696 672 775 positis,
702 696 769 754 in
799 695 984 755 aciem
1019 696 1245 756 eduxit.
1328 696 1459 757 Nec
1485 697 1757 756 Romano
1791 698 2055 758 differen-
2079 719 2106 758 ⁶

277 795 416 852 dum
442 798 740 851 certamen
764 791 977 866 visum,
1007 793 1225 871 quippe
1250 793 1355 870 qui
1381 793 1571 867 sciret,
1602 814 1735 853 cum
1756 793 2057 855 Hannone

275 897 334 949 et
380 887 762 949 Hasdrubale
803 888 919 946 sibi
969 888 1367 947 dimicandum
1413 908 1553 963 esse,
1599 890 1915 968 malletque
1959 890 2058 949 ad·

274 976 476 1044 versus
514 984 775 1060 singulos
815 985 1128 1061 separatim
1167 1004 1346 1062 quam
1381 985 1660 1044 adversus
1696 986 1841 1044 duos
1880 985 2056 1046 simul

273 1101 397 1139 rem
421 1100 635 1159 gerere.
719 1081 848 1140 Nec
882 1082 1082 1159 magni
1120 1083 1460 1141 certaminis
1494 1103 1565 1142 ea
1594 1083 1895 1143 dimicatio
1918 1085 2050 1145 fuit.
2080 1117 2103 1155 ⁷

276 1179 394 1237 Sex
429 1179 618 1239 millia
652 1180 913 1238 hostium
949 1200 1107 1254 caesa,
1140 1181 1258 1238 duo
1284 1187 1456 1258 capta
1482 1201 1615 1241 cum
1653 1221 2058 1263 mmmm„-

272 1276 538 1353 praesidio
583 1285 943 1350 castrorum3
989 1297 1130 1337 nam
1176 1282 1240 1337 et
1283 1285 1474 1336 castra
1520 1298 1618 1336 ex·
1655 1268 2056 1309 numerant-me.

271 1379 533 1451 pugnata
558 1379 715 1446 sunt,
745 1380 924 1451 atque
959 1374 1085 1451 ipse
1120 1374 1244 1432 dux
1279 1393 1413 1432 cum
1445 1374 1670 1451 aliquot
1695 1371 2058 1450 principibus

273 1468 600 1543 capiuntur,
630 1474 691 1526 et
732 1468 931 1542 Cissis,
958 1469 1353 1547 propinquum
1393 1469 1597 1528 castris
1636 1467 1932 1545 oppidum,
1961 1487 2059 1526 ex-

271 1570 584 1642 pugnatur.
669 1564 945 1624 Ceterum
985 1565 1182 1642 praeda
1218 1565 1418 1643 oppidi
1456 1565 1625 1644 parvi
1656 1565 1835 1642 pretii
1860 1583 2056 1623 rerum
2080 1590 2105 1631 3

272 1659 405 1733 fuit,
436 1659 697 1737 supellex
717 1659 1018 1721 barbarica
1042 1679 1110 1718 ac
1135 1660 1348 1718 vilium
1373 1659 1832 1737 mancipiorum3
1868 1663 2057 1717 castra
2079 1692 2105 1730 9

270 1756 521 1815 militem
559 1756 837 1829 ditavere,
867 1775 989 1813 non
1024 1755 1149 1814 eius
1181 1757 1356 1815 modo
1393 1756 1700 1827 exercitus,
1733 1754 1838 1833 qui
1861 1753 2056 1814 victus

270 1862 415 1929 erat,
444 1855 545 1912 sed
582 1860 644 1912 et
680 1853 821 1927 eius,
852 1853 955 1930 qui
995 1873 1129 1911 cum
1158 1853 1500 1912 Hannibale
1534 1854 1602 1912 in
1641 1851 1822 1910 Italia
1845 1850 2058 1909 milita*

269 1952 388 2024 bat,
419 1951 689 2009 omnibus
729 1951 850 2009 fere
887 1950 1038 2008 caris
1073 1952 1266 2023 rebus,
1295 1970 1372 2009 ne
1398 1951 1602 2027 gravia
1640 1946 2058 2029 impedimenta

270 2048 591 2106 ferentibus
612 2052 823 2119 essent,
854 2046 1001 2105 citra
1029 2046 1380 2123 Pyrenaeum
1408 2047 1645 2105 relictis.
2074 2074 2098 2094 a
2121 2026 2220 2204 >a

389 2144 742 2221 Priusquam
768 2150 927 2202 certa
951 2143 1129 2202 huius
1155 2142 1337 2201 cladis
1364 2142 1520 2199 fama
1544 2140 1849 2212 accideret,
1869 2144 2055 2199 trans-
2081 2148 2115 2205 6

267 2259 498 2317 gressus
543 2239 841 2297 Hiberum
893 2238 1236 2298 Hasdrubal
1295 2256 1430 2295 cum
1485 2243 1617 2294 octo
1656 2256 1891 2297 iza-umba
1919 2266 2057 2296 come·
2113 2286 2119 2292 .

267 2335 534 2393 millibus
552 2336 832 2411 peditum,
851 2336 1013 2393 mille
1034 2335 1317 2412 equitum,
1338 2339 1618 2409 tanquam
1656 2306 1816 2433 {tiras
1813 2348 1932 2432 ‘⁸2¹¹'
1847 2302 2057 2433 maffi-

267 2433 346 2491 ad
373 2431 629 2508 primum
655 2432 974 2490 adventum
999 2432 1403 2490 Romanorum
1427 2448 1621 2488 occur-
1808 2393 1930 2487 ern,tr

266 2547 458 2602 surm,
517 2535 825 2605 postquam
876 2530 1137 2605 perditas
1195 2547 1289 2585 res
1335 2526 1411 2585 ad
1459 2526 1669 2589 Cissim
1728 2527 2052 2605 amissaun

266 2632 460 2685 castra
510 2625 752 2701 accepit,
807 2626 922 2683 iter
967 2627 1043 2683 ad
1087 2645 1251 2683 mare
1297 2625 1601 2683 convertit.
1704 2625 1890 2689 Haud
1927 2645 2054 2705 pro·-
2078 2663 2120 2697 a:

267 2722 365 2779 cul
403 2722 727 2783 Tarracone
774 2722 1038 2779 classicos
1079 2721 1301 2778 milites
1342 2720 1696 2796 navalesque
1735 2721 1919 2779 socios
1956 2740 2055 2779 va-

264 2837 371 2894 gos
397 2818 776 2896 palantesque
810 2837 916 2894 per
942 2836 1127 2894 agros,
1155 2816 1313 2893 quod
1350 2817 1530 2875 ferme
1568 2817 1656 2889 fit,
1684 2823 1756 2874 ut
1789 2817 2053 2875 secundae

262 2934 360 2972 res
401 2916 820 2993 negligentiam
867 2921 1083 2986 creent,
1130 2913 1329 2990 equite
1370 2914 1588 2990 passim
1635 2913 1874 2972 dimisso
1914 2933 2051 2971 cum

262 3031 477 3088 magna
503 3014 672 3086 caede,
700 3012 920 3074 maiore
945 3012 1086 3087 fuga
1110 3010 1185 3068 ad
1213 3029 1394 3068 naves
1419 3010 1751 3085 compellit3
1790 3028 1899 3069 nec
1925 3009 2052 3067 diu·
2077 3045 2103 3082 3

261 3108 388 3167 tius
414 3110 567 3167 circa
598 3130 667 3169 ea
701 3111 829 3168 loca
861 3108 1080 3167 morari
1110 3127 1303 3181 ausus,
1332 3126 1406 3164 ne
1443 3107 1519 3164 ab
1555 3105 1826 3182 Scipione
1862 3105 2051 3182 oppri-

259 3200 539 3276 meretur,
562 3209 729 3261 trans
756 3203 1054 3260 Hiberum
1080 3220 1203 3260 sese
1229 3199 1463 3275 recepit.
1521 3198 1605 3257 Et
1623 3198 1816 3275 Scipio
1830 3200 2045 3275 raptim
2077 3231 2101 3268 4

260 3295 362 3358 ad.
387 3297 603 3354 famam
643 3317 928 3355 novorum
974 3297 1236 3356 hostium
1281 3294 1515 3371 agmine
1553 3300 1707 3369 acto,
1758 3313 1942 3372 quum
1982 3295 2048 3352 in
2069 3344 2083 3351 ,

258 3414 477 3472 paucos
521 3397 819 3472 praefectos
883 3396 1127 3454 navium
1193 3393 1721 3466 animadvertisset,
1776 3393 2049 3471 praesidio

1714 3507 1881 3569 5-2
