2375 3842
318 246 394 307 66
1089 241 1188 303 LI
1196 236 1322 301 VII

254 419 276 453 ,ς
316 391 614 468 extemplo
641 388 936 466 equitibus
968 386 1178 446 dextra
1213 358 1474 462 laevaque
1508 380 1733 444 emissis
1759 386 1823 443 in
1849 386 2101 459 hostem,

270 504 293 541 7
317 487 441 562 ipse
466 505 600 543 cum
627 484 894 560 peditum
922 483 1128 540 robore
1153 481 1364 539 mediis
1389 480 1594 538 castris
1620 481 1830 557 erupit.
1890 479 2107 557 Pugna

51 578 291 651 Colum*
327 601 459 639 raro
484 580 671 656 magis
695 578 905 657 ulla*..'.*
934 584 1041 636 aut
1067 580 1375 654 utriusque
1400 577 1585 654 partis
1610 577 1869 655 pernicie
1894 578 2111 636 clarior

321 676 544 748 fuisset,
573 677 625 733 si
650 674 891 732 extendi
916 693 1046 731 eam
1066 673 1190 731 dies
1215 673 1283 729 in
1306 672 1547 747 longum
1567 672 1821 748 spatium
1843 673 2080 732 sivisset
2087 695 2108 750 ;

269 783 295 823 ε
321 787 440 825 nox
466 786 771 827 accensum
795 767 1137 843 ingentibus
1162 765 1376 823 animis
1400 766 1668 842 proelium
1685 766 1940 825 diremit.
1986 767 2111 826 Ita-

321 884 438 941 que
462 864 650 921 acrior
676 881 986 921 concursus
1011 863 1129 920 fuit
1154 881 1334 938 quam
1361 863 1557 936 caedeS,
1586 868 1664 936 et,
1694 864 1846 921 sicut
1877 871 2111 941 aequata

321 962 505 1018 ferme
546 979 745 1036 pugna
783 965 927 1031 erat,
970 960 1058 1016 ita
1098 958 1263 1016 clade
1299 957 1430 1034 pari
1467 959 1780 1016 discessum
1817 967 1922 1019 est.
2005 961 2113 1019 Ab

323 1066 537 1115 neutra
560 1062 728 1133 parte
755 1054 1047 1113 sexcentis
1073 1052 1207 1131 plus
1232 1052 1528 1128 peditibus
1555 1058 1618 1110 et
1644 1053 1957 1112 dimidium
1982 1055 2115 1115 eius

274 1172 299 1212 9
326 1153 592 1228 equitum
635 1151 880 1224 cecidit3
936 1150 1040 1209 sed
1082 1150 1273 1207 maior
1311 1148 1596 1209 Romanis
1639 1168 1819 1226 quam
1855 1170 1963 1228 pro
2005 1170 2116 1209 nu-

325 1267 484 1306 mero
510 1248 741 1306 iactura
765 1247 898 1320 fuit,
930 1246 1071 1323 quia
1095 1244 1384 1322 equestris
1408 1245 1629 1303 ordinis
1654 1245 1883 1323 aliquot
1920 1253 1984 1304 et
2009 1248 2117 1304 tri-

325 1345 473 1402 buni
508 1344 772 1403 militum
806 1342 1068 1418 quinque
1101 1349 1164 1399 et
1197 1340 1462 1417 praefecti
1499 1341 1787 1399 sociorum
1812 1348 1933 1401 tres
1971 1351 2118 1402 sunt

252 1470 303 1498 ιο
325 1439 634 1498 interfecti.
719 1438 1056 1497 Secundum
1092 1454 1223 1493 eam
1255 1454 1517 1512 pugnam
1560 1436 1868 1496 Hannibal
1901 1439 1974 1496 ‚in
2020 1439 2120 1496 Li.

325 1558 434 1614 ,μοι
464 1556 596 1595 which
625 1555 727 1594 both
766 1552 955 1609 gures,
989 1531 1367 1607 Sempronius
1392 1531 1612 1590 Lucam
1638 1534 1937 1592 concessit.
1996 1534 2120 1593 Ve-

326 1604 469 1688 ῧῗιιῗρι
480 1601 728 1696 ffffimw
766 1629 960 1687 nienti
1009 1628 1077 1686 in
1128 1627 1377 1704 Ligures
1439 1629 1770 1687 Hannibali
1812 1649 1919 1707 per
1979 1632 2121 1691 insi-

331 1731 460 1788 dias
497 1726 816 1803 intercepti
852 1725 969 1783 duo
1009 1730 1327 1802 quaestores
1365 1725 1637 1799 Romani,
1681 1726 1744 1784 O.
1776 1727 2028 1787 Fulvius
2059 1739 2123 1788 et

332 1824 402 1882 L.
447 1821 775 1894 Lucretius,
819 1838 954 1876 cum
991 1818 1218 1876 duobus
1252 1820 1508 1878 tribunis
1542 1820 1802 1878 militum
1842 1828 1907 1880 et
1952 1824 2124 1901 quin-

332 1932 448 1991 que
496 1912 780 1990 equestris
831 1911 1071 1984 ordinis,
1123 1918 1462 1971 senatorum
1505 1912 1686 1971 ferme
1740 1913 1958 1988 liberis,
2002 1936 2123 1994 quo

332 2010 521 2087 magis
565 2015 758 2068 ratam
798 2009 923 2067 fore
973 2029 1109 2068 cum
1146 2009 1224 2067 iis
1264 2029 1467 2087 pacem
1506 2010 1956 2090 societatemque
2004 2033 2124 2074 cre-

333 2109 517 2178 deret,
544 2106 877 2166 traduntur.

232 2214 308 2273 60
453 2204 619 2261 Dum
648 2202 771 2260 haec
802 2202 869 2258 in
895 2200 1076 2259 Italia
1108 2207 1412 2277 geruntur,
1445 2200 1551 2260 Cn.
1584 2200 1890 2261 Cornelius
1921 2204 2125 2282 Scipio

334 2296 736 2432 ffio‘ffl‘zvffisss
773 2297 2126 2457 Zsffiffnssfflssmfflaissmffffi

1864 2417 1931 2455 ro

286 2443 310 2470 ε
332 2438 656 2532 ἓξέὲῗξοξιω
682 2437 735 2484 by
775 2414 1204 2566 Pyiegaeosque
1243 2496 1469 2547 montes
1516 2415 1941 2552 circumvecltus
1983 2495 2126 2555 Em-

288 2608 312 2645 3
337 2587 516 2664 poriis
543 2585 864 2663 appulisset
889 2585 1146 2656 classem,
1177 2585 1445 2659 exposito
1470 2585 1557 2642 ibi
1581 2587 1863 2659 exercitu,
1890 2609 2062 2651 orsus
2088 2612 2128 2650 a

335 2683 627 2741 Laeetanis
653 2700 886 2738 omnem
911 2699 1075 2738 oram
1102 2699 1289 2756 usque
1316 2680 1391 2736 ad
1418 2680 1713 2739 Hiberum
1743 2682 1967 2743 fiumen
1992 2707 2127 2764 par.

336 2780 451 2838 tim
485 2778 835 2836 renovandis
865 2777 1259 2849 societatibus,
1287 2776 1507 2851 partim
1540 2778 1711 2837 novis
1736 2780 2128 2846 instituendis

287 2904 312 2942 4
337 2876 619 2935 Romanae
674 2875 921 2932 dicionis
973 2874 1126 2935 fecit
1234 2872 1384 2931 Inde
1435 2873 1743 2932 conciliata
1794 2876 2127 2941 clementias

290 3030 297 3041 ,
336 2974 495 3031 fama
519 2992 639 3034 non
666 2972 742 3030 ad
768 2971 1093 3028 maritimos
1127 2969 1302 3028 modo
1338 2969 1596 3045 populos,
1626 2972 1726 3029 sed
1752 2973 1819 3030 in
1849 2977 2127 3036 mediter.

336 3067 530 3125 rancis
565 3085 798 3144 quoque
837 3085 905 3124 ac
950 3065 1249 3123 montanis
1292 3064 1367 3119 ad
1408 3064 1710 3123 ferociores
1755 3067 1876 3125 iam
1917 3079 2129 3146 gentes

339 3163 565 3238 valuit3
618 3183 726 3222 nec
765 3183 885 3239 pax
923 3162 1096 3220 modo
1149 3160 1309 3237 apud
1355 3179 1467 3231 eos,
1509 3162 1611 3218 sed
1652 3165 1898 3223 societas
1939 3171 2123 3228 etiam

340 3275 633 3316 armorum
672 3264 842 3335 parta
875 3263 984 3331 est,
1023 3256 1350 3331 validaeque
1384 3255 1609 3331 aliquot
1643 3259 2001 3320 auxiliorum
2033 3284 2129 3323 oo-

287 3371 313 3412 s
340 3351 537 3431 bortes
564 3374 636 3413 ex
663 3355 738 3415 iis
760 3354 1102 3430 ,conscriptas
1130 3358 1285 3414 sunt.
1363 3351 1685 3428 ,Hannonis
1705 3355 1787 3413 cis
1822 3356 2128 3420 Hiberum
