2375 3842
902 251 1158 315 LIBER
1208 255 1397 318 XXI.
1675 250 1680 259 ’
1964 259 2042 321 57

265 398 506 459 victoris
530 403 870 476 spectantes.
920 382 1034 483 'Id
1069 400 1342 476 Romani,
1371 400 1543 461 modo
1576 421 1654 463 ne
1685 402 1831 480 quid
1853 421 2045 462 move-
2068 427 2095 467 ⁴
2165 392 2174 402 ’

264 503 416 570 rent,
453 515 619 573 aequo
656 496 817 568 satis,
853 495 1071 555 Poenus
1108 497 1417 575 periniquo
1454 498 1652 558 animo
1688 499 1928 572 ferebat,
1970 500 2046 558 ab

266 593 454 653 Gallis
487 593 738 651 accitum
777 612 839 651 se
869 594 1099 652 venisse
1136 595 1215 653 ad
1252 595 1584 654 liberandos
1616 615 1715 655 eos
1749 597 2039 655 dictitans,

268 691 363 750 Ob
386 709 514 748 eam
539 690 705 762 iram,
735 687 912 748 simul
927 697 997 748 ut
1014 692 1212 767 praeda
1235 692 1487 750 militem
1502 693 1697 766 aleret,
1723 691 1839 751 duo
1858 694 2044 750 millia
2070 713 2092 749 s

265 786 529 864 peditum
568 791 628 843 et
662 785 824 844 mille
855 786 1097 863 equites,
1139 786 1433 846 Numidas
1470 788 1787 865 plerosque,
1827 789 2045 848 mixtos

266 882 543 959 quosdam
591 886 654 940 et
693 880 911 956 Gallos,
951 883 1223 959 populari
1261 903 1494 942 omnem
1532 883 1801 960 deinceps
1839 903 2043 961 agrum

267 999 451 1056 usque
475 979 553 1037 ad
578 978 731 1037 Padi
765 979 922 1055 ripas
958 981 1145 1039 iussit.
1228 981 1484 1059 Egentes
1518 1000 1626 1058 ope
1658 981 1832 1053 Galli,
1862 1001 2042 1058 quum
2067 1001 2094 1039 6

265 1076 341 1133 ad
381 1076 444 1134 id
487 1075 695 1133 dubios
734 1082 1060 1135 servassent
1097 1076 1341 1150 animos,
1380 1079 1565 1136 coacti
1599 1079 1673 1136 ab
1712 1079 2045 1137 auctoribus

265 1173 494 1231 iniuriae
547 1173 622 1231 acl
668 1173 928 1232 vindices
979 1174 1210 1231 futuros
1252 1174 1563 1247 declinant,
1613 1175 1931 1251 legatisque
1969 1175 2045 1232 ad

264 1271 529 1327 consules
548 1269 758 1340 missis,
776 1270 1064 1328 auxilium
1080 1270 1480 1329 Romanorum
1505 1277 1676 1329 terrae
1702 1271 1778 1329 ob
1801 1270 2043 1328 nimiam

266 1366 558 1424 cultorum
584 1366 758 1424 fidem
784 1366 850 1423 in
876 1366 1175 1424 Romanos
1201 1367 1492 1425 laboranti
1517 1374 1701 1426 orant.
1776 1367 2043 1426 Cornelio
2066 1395 2090 1431 7

262 1481 371 1520 nec
397 1480 568 1520 causa
593 1482 700 1521 nec
724 1470 956 1540 tempus
982 1464 1220 1539 agendae
1246 1464 1332 1521 rei
1358 1465 1635 1540 placebat,
1665 1471 2044 1542 suspectaque

264 1560 321 1616 ci
358 1578 500 1635 gens
541 1564 667 1617 erat
708 1579 890 1637 quum
929 1562 1005 1618 ob
1043 1560 1228 1618 infida
1262 1562 1452 1620 multa
1483 1562 1755 1631 facinora,
1788 1568 1934 1634 tum,
1972 1570 2045 1621 ut

265 1657 382 1714 alia
447 1661 741 1714 vetustate
793 1657 1228 1732 obsolevissent,
1291 1658 1367 1717 ob
1417 1669 1710 1718 recentem
1762 1659 2041 1718 Boiorum

264 1753 591 1831 perfidiam3
619 1753 995 1830 Sempronius
1020 1761 1224 1813 contra
1249 1756 1616 1815 continendis
1641 1757 1707 1814 in
1731 1756 1848 1815 fide
1872 1757 2042 1816 sociis
2065 1780 2090 1820 s

240 1851 584 1923 ⁸maximum
625 1850 930 1908 vinculum
975 1871 1099 1910 esse
1138 1853 1374 1929 primos,
1422 1854 1526 1931 qui
1571 1854 1862 1931 eguissent
1914 1873 2037 1931 ope,

264 1947 526 2006 defensos
551 1948 834 2006 censebat.
895 1946 1129 2025 Collega
1154 1956 1479 2023 cunctante,
1500 1952 1825 2027 equitatum
1852 1970 2041 2025 suum,
2064 1979 2089 2016 9

262 2043 422 2102 mille
447 2043 711 2120 peditum
741 2042 1157 2103 iaculatoribus
1190 2046 1373 2104 ferme
1403 2048 1698 2121 admixtis,
1732 2049 1808 2106 ad
1847 2049 2040 2107 defen·

263 2140 519 2199 dendum
541 2140 832 2198 Gallicum
857 2159 1063 2216 agrum
1084 2149 1249 2199 trans
1267 2142 1536 2200 Trebiam
1555 2145 1754 2202 mittit.
1802 2145 2039 2222 Sparsos
2069 2178 2116 2204 ιο

265 2243 328 2293 et
364 2235 788 2312 incompositos,
818 2236 893 2294 acl
926 2237 1036 2294 hoc
1070 2256 1277 2312 graves
1311 2239 1507 2314 pmda
1529 2239 1832 2316 plerosque
1858 2261 2038 2318 quum

262 2333 565 2406 inopinato
615 2332 982 2404 invasissent,
1032 2334 1331 2409 ingentem
1381 2340 1663 2393 terrorem
1714 2338 2040 2416 caedemque

263 2447 333 2486 ac
358 2428 555 2503 fugam
581 2445 767 2504 usque
791 2428 866 2486 ad
891 2436 1081 2487 castra
1116 2430 1512 2506 stationesque
1537 2432 1792 2491 hostium
1818 2435 2040 2509 secet-03

262 2525 422 2583 unde
460 2523 839 2583 multitudine
877 2527 1058 2584 effusa
1086 2526 1243 2603 pulsi
1277 2539 1479 2586 riu-sus
1513 2529 1771 2589 subsidio
1801 2550 2039 2594 suorum

145 2701 152 2708 ⁸
262 2621 533 2699 proelium
574 2619 895 2680 restituere.
980 2622 1167 2679 Varia
1204 2622 1345 2681 inde
1384 2644 1581 2701 pugna
1618 2636 1924 2705 sequentes
1962 2651 2040 2691 00-
2065 2664 2110 2691 n

263 2719 566 2794 dentesque
606 2737 789 2794 quum
841 2718 917 2775 ad
969 2724 1297 2777 extremum
1348 2729 1673 2799 aequassent
1724 2734 2033 2802 certamen,

262 2815 449 2872 maior
477 2821 676 2882 tamen
710 2814 968 2872 hostium
1007 2816 1195 2890 coedes,
1217 2837 1393 2893 penes
1417 2819 1713 2880 Romanos
1744 2824 1899 2883 fama
1923 2826 2039 2884 vic·

265 2910 428 2968 toriae
455 2910 583 2968 fuit.
666 2910 940 2969 Ceterum
966 2909 1189 2969 nemini
1215 2914 1474 2970 omnium
1501 2916 1688 2974 maior
1714 2918 2037 2997 iustiorque
2066 2929 2140 2988 53
2198 2890 2290 3033 Δΐ
2367 2928 2370 2933 “

263 3026 440 3084 quam
476 3008 590 3085 ipsi
625 3007 853 3066 consuli
877 3006 1103 3081 videri3
1139 3010 1354 3086 gaudio
1389 3011 1596 3083 efferri,
1641 3052 1916 3094 Emboldened
1936 3055 1993 3103 by
2011 3067 2039 3096 a

264 3123 380 3180 qua
423 3110 590 3182 parte
629 3104 926 3181 copiarum
971 3103 1124 3163 alter
1161 3106 1363 3164 consul
1408 3108 1602 3166 victus
1637 3100 1794 3231 ἓξὲξ,
1812 3101 2038 3188 ’ξζᾞξζξῖ

262 3202 429 3272 foret,
459 3221 527 3259 ea
551 3219 614 3260 se
639 3201 883 3260 vicisse:
918 3201 1223 3260 restitutos
1261 3222 1329 3261 ac
1353 3203 1599 3261 refectos
1638 3238 1757 3276 tanco
1787 3193 2038 3280 ξῗῖὴηέἑῖζ
2061 3238 2086 3267 2

261 3297 548 3356 militibus
600 3299 840 3372 animos,
897 3318 1007 3358 nec
1064 3318 1416 3376 quemquam
1479 3319 1602 3358 esse
1640 3281 1794 3332 ¹⁶⁸⁹*

260 3399 474 3470 praeter
530 3393 822 3473 collegam,
884 3395 990 3471 qui
1034 3395 1278 3454 dilatam
1335 3395 1766 3455 dimicationem
1816 3395 2036 3471 vellet3
