2375 3842
880 240 1140 300 LIBER
1187 240 1415 302 XXII.
1918 234 2032 298 105

249 393 611 462 effecturum,
646 395 719 448 ut
756 389 946 449 sciant
983 389 1265 461 homines,
1302 389 1454 447 bono
1491 389 1840 465 imperatore
1876 384 2038 444 haud

250 488 449 566 magni
496 487 793 545 fortunam
838 485 1123 544 momenti
1161 504 1300 558 esse,
1337 489 1595 543 mentem
1633 484 2035 559 rationemque

251 584 556 657 dominari,
604 588 666 641 et
706 583 773 642 in
817 587 1077 658 tempore
1119 586 1182 641 et
1224 581 1351 640 sine
1402 580 1726 657 ignominia
1777 595 2035 637 servasse
2064 604 2109 645 ι,

251 681 588 752 exercitum,
630 697 808 756 quam
846 676 1036 735 multa
1074 675 1260 735 millia
1298 676 1558 734 hostium
1597 674 1890 747 occidisse,
1918 692 2037 731 ma·

251 776 431 833 iorem
457 772 703 850 gloriam
729 790 864 830 esse.
948 770 1150 829 Huius
1174 771 1406 847 generis
1430 770 1792 829 orationibus
1817 768 2038 827 frustra
2063 782 2113 823 1⁶

252 869 485 942 habitis,
509 875 570 927 et
593 869 829 927 consule
854 873 1047 926 creato
1074 867 1160 927 M.
1188 867 1385 926 Atilio
1409 867 1655 945 Regulo,
1684 886 1761 925 ne
1784 885 2038 944 praesens

253 969 326 1026 de
363 966 492 1024 iure
529 965 764 1043 imperii
802 965 1120 1038 dimicaret,
1161 965 1351 1041 pridie
1390 984 1567 1042 quam
1606 963 1924 1041 rogationis
1962 964 2041 1022 fe·

252 1062 445 1121 rendae
488 1061 612 1121 dies
650 1062 893 1135 adesset,
935 1068 1109 1120 noete
1152 1062 1229 1120 ad
1268 1062 1595 1121 exereitum
1634 1061 1797 1120 abiit.
1880 1059 2041 1119 Luee
2068 1087 2115 1127 η

253 1166 383 1218 orta
408 1179 591 1236 quum
622 1159 810 1236 plebis
843 1159 1155 1218 ooneilium
1189 1166 1357 1232 esset,
1386 1159 1574 1237 magis
1604 1158 1787 1216 tacita
1815 1156 2042 1215 invidia

255 1254 554 1313 dictatoris
579 1255 862 1331 favorque
899 1254 1168 1331 magistri
1208 1254 1474 1331 equitum
1499 1252 1727 1310 animos
1751 1251 2039 1324 versabat,

254 1372 432 1431 quam
483 1352 626 1411 satis
681 1352 975 1410 audebant
1025 1350 1291 1410 homines
1343 1352 1420 1409 ad
1462 1349 1841 1421 suadendum,
1886 1349 2042 1426 quod

254 1451 431 1528 vulgo
457 1449 738 1528 placebat,
770 1449 1019 1525 prodire,
1048 1454 1112 1506 et
1149 1448 1347 1507 favore
1381 1452 1694 1525 superante
1724 1445 2042 1504 auotoritas

254 1555 454 1607 tamen
475 1546 767 1624 rogationi
782 1547 994 1604 deerat.
1053 1545 1232 1604 Unus
1259 1547 1537 1604 inventus
1553 1549 1645 1603 est
1670 1562 1871 1602 suasor
1895 1543 2041 1622 legis
2068 1560 2117 1601 ιε

257 1644 319 1702 Ο.
338 1644 646 1718 Terentius
663 1643 877 1714 Varro,
895 1643 996 1719 qui
1011 1641 1206 1718 priore
1221 1662 1377 1701 anno
1391 1648 1607 1720 praetor
1644 1679 1775 1720 „mh
1819 1677 1856 1719 ί,
1893 1678 2043 1728 passed

255 1739 462 1813 fuerat,
492 1739 617 1797 loeo
642 1758 763 1796 non
796 1737 1009 1796 humili
1044 1738 1250 1811 solum,
1280 1738 1382 1796 sed
1426 1737 1605 1797 etiam
1644 1726 2043 1811 ᾨωαωῗξὲᾞξῗῧ

256 1835 487 1894 sordido
503 1842 680 1894 ortus.
712 1835 950 1894 Patrem
967 1834 1189 1893 lanium
1205 1835 1381 1894 fuisse
1390 1835 1606 1908 ferunt,
1648 1818 1797 1867 vmo,
2068 1874 2118 1914 ¹9

256 1935 448 2011 ipsum
487 1933 818 1990 institorem
852 1930 1077 2003 merois,
1119 1931 1356 2008 filioque
1393 1931 1503 1990 hoe
1542 1932 1669 2010 ipso
1705 1935 1768 1993 in
1804 1934 2042 1994 servilia

255 2028 381 2087 eius
406 2027 552 2086 artis
586 2026 913 2085 ministeria
947 2045 1133 2084 usum.
1218 2026 1284 2086 Is
1314 2028 1561 2101 invenie,
1590 2035 1661 2087 ut
1687 2032 1941 2106 primum
1966 2049 2044 2090 ex
2069 2037 2144 2098 26

188 2146 191 2148 ’
255 2144 324 2183 eo
368 2142 578 2201 genere
614 2129 873 2198 quaestus
915 2122 1164 2198 pecunia
1201 2142 1239 2180 a
1277 2129 1446 2200 patre
1483 2124 1691 2183 relicta
1716 2126 1941 2184 animos
1966 2127 2044 2184 ad

255 2236 418 2294 spem
457 2216 800 2275 liberalioris
841 2218 1090 2275 fortunae
1121 2218 1278 2288 feeit,
1309 2225 1559 2295 togaque
1597 2226 1658 2277 et
1695 2220 1888 2278 forum
1926 2221 2045 2297 pla-
2069 2249 2093 2277 2

256 2331 441 2384 euere,
479 2310 888 2388 proclamando
929 2330 1035 2388 pro
1079 2311 1327 2370 sordidis
1369 2311 1706 2370 hominibus
1744 2314 2044 2391 causisque

256 2408 533 2466 adversus
558 2427 681 2466 rem
716 2414 776 2467 et
808 2409 1025 2467 famam
1057 2408 1343 2465 bonorum
1385 2405 1641 2484 primum
1671 2408 1739 2466 in
1770 2408 2045 2468 notitiam

255 2502 477 2581 populi,
526 2503 735 2561 deinde
777 2505 854 2562 ad
904 2505 1152 2563 honores
1204 2504 1491 2581 pervenit,
1536 2510 1945 2582 quaesturaque
1982 2512 2045 2566 et
2070 2521 2111 2576 3·

204 2675 207 2680 ¹
257 2600 484 2659 duabus
529 2599 922 2674 aedilitatibus,
978 2600 1205 2677 plebeia
1258 2606 1320 2658 et
1372 2599 1578 2674 curuli,
1634 2608 1928 2679 postremo
1981 2610 2043 2663 et

256 2704 511 2773 praetura
560 2697 915 2774 perfunctus,
960 2697 1078 2754 iam
1130 2696 1208 2753 ad
1261 2697 1594 2756 eonsulatus
1646 2718 1808 2777 spem
1861 2719 2044 2777 quum

257 2794 555 2852 attolleret
600 2793 840 2865 animos,
883 2792 1043 2850 haud
1087 2811 1295 2870 parum
1341 2793 1548 2853 callide
1586 2813 1791 2854 auram
1829 2797 2045 2855 favoris
2070 2825 2096 2864 4

257 2889 554 2966 popularis
600 2909 677 2948 ex
723 2888 1025 2948 dictatoris
1065 2888 1293 2948 invidia
1337 2891 1512 2968 petiit
1563 2891 1810 2968 scitique
1860 2891 2049 2969 plebis

262 3005 417 3044 unus
441 2987 690 3064 gratiam
716 2987 875 3046 tulit.

380 3083 598 3143 Omnes
638 3105 767 3143 eam
805 3085 1180 3163 rogationem,
1220 3086 1440 3163 quique
1481 3084 1686 3143 Romae
1726 3084 1943 3162 quique
1982 3085 2047 3143 in
2072 3114 2096 3154 5

257 3181 518 3239 exercitu
544 3189 728 3255 erant,
758 3183 911 3259 aequi
946 3187 1125 3259 atque
1164 3182 1373 3259 iniqui,
1401 3186 1614 3258 praeter
1646 3180 1840 3258 ipsum
1871 3182 2050 3247 dieta-

258 3294 446 3334 torem
481 3277 545 3335 in
587 3280 998 3337 contumeliam
1038 3279 1166 3338 eius
1204 3279 1389 3337 latam
1420 3283 1782 3355 aeceperunt.
1888 3278 2043 3356 Ipse,
2072 3311 2098 3352 ⁶

257 3394 377 3452 qua
411 3376 698 3451 gravitate
740 3377 924 3436 animi
964 3376 1343 3434 criminantes
1382 3395 1445 3434 se
1484 3377 1561 3434 ad
1600 3375 2046 3436 multitudinem
