2375 3842
338 1 1005 316 Ὺ
1030 175 1144 260 mi
1194 195 1454 260 ΧΧΠ.
1625 137 1790 228 .‘
1835 199 1852 246 :
1936 197 2050 259 129

1801 269 1878 316 ‚f

255 368 464 427 parum
492 347 770 423 validum,
799 368 836 407 a
861 367 925 407 oe
984 368 1054 406 ra
1078 346 1510 426 prominentem
1509 207 1740 421 facies
1768 344 2051 424 Impulsis
2077 360 2121 404 ⁶.

256 445 468 504 deinde
486 464 554 503 ac
573 444 798 522 trepide
823 444 1215 503 referentibus
1229 444 1437 521 wdem
1461 442 1728 501 institere
1754 462 1824 501 ac
1850 448 2052 500 tenore

255 563 378 609 uno
403 562 510 620 per
543 561 796 619 praeceps
831 560 1046 617 pavore
1083 539 1439 618 fugientium
1474 558 1681 617 agmen
1707 538 1772 597 in
1799 538 2051 598 mediam

255 639 511 716 primum
538 639 721 697 aciem
747 637 917 710 illati,
947 642 1242 714 postremo
1280 636 1448 695 nullo
1486 636 1793 695 resistente
1819 636 1894 695 ad
1921 637 2052 695 sub-

257 734 408 792 sidia
438 733 719 792 Afrorum
755 739 1168 811 pervenerunt,
1197 732 1305 810 qui
1340 732 1621 809 utrinque
1651 731 1907 791 reductis
1942 731 2051 791 alis
2076 748 2099 786 7

258 829 658 902 constiterant,
699 828 913 902 media,
954 848 1074 906 qua
1114 828 1276 888 Galli
1324 828 1700 906 Hispanique
1745 833 2048 903 steterant,

258 926 627 1002 aliquantum
671 921 1040 1003 prominente
1083 925 1224 985 acie.
1309 924 1429 995 Qui
1474 943 1694 984 cuneus
1731 931 1804 983 ut
1847 924 2050 1002 pulsus
2076 934 2100 975 8

258 1024 516 1101 aequavit
555 1021 808 1080 frontem
853 1022 1125 1099 primum,
1161 1020 1297 1080 dein
1339 1021 1594 1080 cedendo
1633 1020 1813 1079 etiam
1853 1020 2048 1078 sinum

259 1122 324 1182 in
351 1120 542 1178 medio
570 1118 749 1190 dedit,
780 1118 920 1176 Afri
945 1118 1098 1177 circa
1122 1118 1243 1176 iam
1270 1137 1487 1176 cornua
1518 1117 1794 1190 fecerant,
1824 1117 2048 1176 irruen-

258 1219 532 1294 tibusque
574 1216 811 1273 incaute
855 1215 922 1273 in
974 1214 1234 1273 medium
1290 1213 1575 1273 Romanis
1621 1214 2050 1274 circumdedere

259 1315 420 1387 alas;
471 1332 613 1371 mox
661 1331 878 1370 cornua
922 1311 1294 1370 extendendo
1347 1311 1606 1369 clausere
1657 1317 1719 1369 et
1765 1311 1840 1369 ab
1881 1317 2049 1390 tergo

256 1406 465 1467 hostes.
569 1407 733 1466 Hinc
778 1407 1053 1483 Romani,
1099 1407 1366 1466 defuncti
1410 1406 1800 1483 nequicquam
1845 1405 2048 1483 proelio
2073 1434 2101 1473 9

257 1523 395 1576 uno,
438 1502 666 1561 omissis
709 1502 899 1561 Gallis
943 1502 1363 1581 Hispanisque,
1410 1521 1659 1579 quorum
1698 1508 1865 1579 terga
1909 1501 2049 1559 ceci-

257 1602 482 1673 derant,
511 1600 788 1658 adversus
823 1599 1008 1659 Afros
1047 1600 1340 1676 integram
1379 1618 1635 1676 pugnam
1669 1596 1899 1667 ineunt,
1924 1618 2043 1657 non
2078 1622 2126 1648 ιο

256 1703 492 1754 tantum
519 1716 586 1755 eo
612 1696 896 1773 iniquam,
925 1696 1080 1773 quod
1107 1696 1321 1754 inclusi
1346 1696 1625 1755 adversus
1651 1695 2045 1769 circumfusos,

257 1791 358 1852 sed
397 1792 571 1850 etiam
615 1793 771 1871 quod
809 1794 946 1853 fessi
994 1811 1127 1852 cum
1165 1794 1497 1854 recentibus
1535 1814 1603 1892 ac
1642 1794 1866 1872 vegetis
1906 1813 2047 1872 pug-

255 1890 498 1948 nabant.
950 1865 1388 2044 hamas:

376 1982 509 2040 Iam
540 1990 601 2042 et
625 1984 864 2044 sinistro
890 2005 1071 2044 cornu
1245 2006 1373 2059 ano,
1392 1986 1496 2045 ubi
1517 1987 1801 2046 sociorum
1818 1986 2047 2064 equites
2071 1975 2148 2034 48

196 2084 201 2089 “
254 2080 531 2138 adversus
558 2080 851 2139 Numidas
890 2088 1202 2155 steterant,
1229 2091 1560 2142 consertum
1591 2084 1863 2161 proelium
1899 2090 2041 2158 erat,

254 2198 429 2255 segne
468 2179 659 2256 primo
697 2186 758 2238 et
792 2200 830 2237 a
855 2179 1082 2238 Punica
1122 2186 1377 2258 coeptum
1411 2181 1632 2244 fraude.
1720 2180 2044 2258 Quingenti
2070 2201 2094 2229 2

252 2280 436 2339 ferme
461 2279 756 2353 Numidae,
784 2288 994 2359 praeter
1029 2281 1204 2341 solita
1236 2301 1402 2339 arma
1429 2280 1664 2358 telaque
1705 2280 1930 2358 gladios
1955 2300 2042 2338 oc·

252 2376 441 2434 cultos
468 2376 579 2434 sub
607 2377 803 2435 loricis
833 2378 1128 2450 habentes,
1159 2376 1350 2454 specie
1386 2376 1823 2452 transfugarum
1858 2395 2042 2452 quum

251 2471 327 2530 ab
368 2472 491 2530 suis
522 2491 753 2549 parmas
789 2481 923 2551 post
963 2481 1127 2551 terga
1161 2474 1442 2531 habentes
1481 2455 1930 2550 adequitassent,
1956 2490 2042 2530 re-
2066 2492 2090 2530 ³

249 2576 428 2647 pente
475 2589 550 2627 ex
594 2570 760 2646 equis
807 2571 1102 2643 desiliunt,
1150 2571 1484 2649 parmisque
1536 2576 1599 2629 et
1642 2570 1849 2630 iaculis
1901 2577 2040 2629 ante

249 2666 423 2741 pedes
449 2665 708 2723 hostium
741 2667 1030 2744 proiectis,
1060 2669 1126 2725 in
1160 2667 1414 2726 mediam
1450 2667 1630 2727 aciem
1658 2669 1881 2747 accepti
1906 2669 2041 2728 duc-

248 2764 413 2841 tique
437 2764 514 2822 ad
538 2763 779 2822 ultimos
805 2764 1100 2822 considere
1127 2764 1201 2821 ab
1229 2770 1393 2842 tergo
1417 2765 1712 2825 iubentur.
1773 2766 1868 2825 Ac
1896 2767 2036 2824 dum

246 2859 518 2935 proelium
557 2860 632 2918 ab
667 2858 830 2917 omni
864 2864 1031 2935 parte
1068 2861 1413 2934 conseritur,
1444 2862 1631 2940 quieti
1657 2868 2035 2934 manserunt3

244 2962 554 3033 postquam
590 2955 854 3013 omnium
888 2955 1112 3013 animos
1148 2956 1459 3034 oculosque
1498 2961 1884 3032 occupaverat
1920 2975 2036 3014 cer·
2058 2985 2084 3022 ⁴

242 3058 459 3123 tamen,
489 3058 620 3110 tum
659 3051 910 3129 arreptis
950 3051 1149 3125 scutis,
1180 3071 1309 3130 quae
1349 3053 1565 3129 passim
1600 3053 1759 3111 inter
1796 3071 2034 3112 acervos

242 3169 519 3207 caesorum
560 3169 863 3228 corporum
912 3154 1099 3207 strata
1143 3155 1329 3224 erant,
1373 3168 1638 3207 aversam
1686 3148 2034 3207 adoriuntur

241 3244 569 3304 Romanam
587 3245 785 3317 aciem,
804 3250 1083 3321 tergaque
1102 3243 1381 3302 ferientes
1394 3263 1463 3302 ac
1477 3243 1729 3320 poplites
1749 3244 2030 3302 caedentes

238 3345 493 3416 stragem
535 3340 832 3417 ingentem
874 3358 940 3398 ac
979 3339 1258 3398 maiorem
1307 3338 1609 3416 aliquanto
1648 3357 1920 3415 pavorem
1962 3357 2029 3396 ac

429 3463 485 3514 c.
517 3464 573 3514 L.
1815 3450 1855 3513 9
