2375 3842
312 235 426 295 134
1091 233 1194 297 LI
1198 235 1325 300 VII

306 378 616 456 capitibus,
657 398 804 459 quos
844 379 959 439 sibi
996 379 1155 458 ipsos
1191 381 1395 440 fecisse
1432 380 1635 439 foveas'
1665 378 2091 458 obruentesque

306 493 410 534 ora
443 477 772 554 superiecta
804 477 986 535 humo
1020 477 1414 562 interclusisse
1448 475 1720 555 spiritum
1754 477 2086 554 appmbat.

58 549 192 597 “⁵⁸‘’
230 570 282 635 ‘9
307 571 607 651 Praecipue
632 575 925 634 convertit
959 593 1161 633 omnes
1197 574 1528 633 substratus
1561 571 1824 631 Numida.
1856 578 2091 631 mortuo

304 670 784 747 superincubanti
808 672 1078 731 Romano
1102 672 1295 768 viuus,
1322 688 1467 729 naso
1491 670 1845 747 auribusque
1880 668 2091 728 laoeraf

301 764 401 836 tis,
428 769 628 842 quum,
656 766 928 826 manibus
952 768 1029 826 ad
1059 766 1408 844 capiendum
1442 765 1632 825 telum
1665 763 1994 837 inutilibus,
2022 762 2089 822 in

302 860 525 919 rabiem
549 863 639 920 ira
661 882 847 937 versa,
870 863 1145 922 laniando
1172 864 1449 922 dentibus
1470 860 1701 921 hostem
1718 860 2082 937 exspirasset.

202 949 276 1008 52
422 953 636 1034 Spoliis
661 957 737 1015 ad
763 959 1019 1017 multum
1046 958 1165 1018 diei
1189 958 1376 1033 lectis,
1405 958 1715 1017 Hannibal
1749 959 1826 1017 ad
1859 958 2089 1019 minora

42 1598 226 1812 *w

300 1074 704 1162 &nemum-agnda·
742 1059 906 1117 ducit
931 1064 1122 1118 castra
1146 1060 1552 1136 oppugnanda,
1582 1067 1645 1118 et
1670 1058 1934 1117 omnium
1966 1059 2086 1137 pri-

299 1167 410 1207 theu
429 1178 548 1254 w
569 1179 606 1206 w
634 1179 702 1207 ere
741 1174 905 1213 mum
943 1155 1182 1214 brachio
1218 1156 1445 1214 obiecto
1479 1155 1723 1214 flumine
1760 1174 1857 1213 eos
1896 1156 2089 1213 exclu-

252 1274 278 1301 2
299 1214 452 1307 *ιὲῗιῖει
575 1215 702 1254 ‘⁸³⁶¹'
739 1251 868 1327 dit3
909 1257 1170 1311 ceterum
1195 1253 1271 1310 ab
1297 1252 1568 1310 omnibus
1603 1252 1817 1323 labore,
1846 1251 2083 1329 viginis,

299 1347 642 1407 vulneribus
668 1348 848 1407 etiam
873 1350 1038 1408 fessis
1062 1349 1352 1408 maturior
1382 1348 1569 1428 ipsius
1604 1368 1705 1427 spe
1740 1348 1961 1407 deditio
1995 1357 2086 1407 est

299 1441 469 1501 facta.
555 1441 742 1515 Paeti,
765 1449 835 1501 ut
862 1462 1026 1501 arma.
1052 1449 1232 1520 atque
1258 1461 1438 1519 equos
1462 1443 1780 1516 traderent,
1800 1441 1867 1499 in
1892 1442 2088 1521 capita

301 1538 571 1597 Romana
607 1540 860 1597 trecenis
893 1540 1153 1598 nummis
1191 1539 1571 1618 quadrigatis,
1600 1539 1668 1597 in
1700 1538 1884 1598 socios
1919 1540 2087 1598 duoe-

248 1660 273 1697 3
298 1636 408 1708 nis,
438 1635 505 1693 in
535 1654 736 1694 servos
772 1637 1052 1709 centenis,
1083 1641 1145 1694 et
1179 1644 1253 1696 ut
1289 1656 1358 1695 eo
1391 1635 1584 1713 pretio
1616 1635 1910 1712 persoluto
1948 1654 2083 1693 cum

299 1730 544 1808 singulis
592 1731 825 1789 abirent
869 1731 1251 1803 vestimentis,
1292 1732 1359 1789 in
1396 1736 1589 1790 castra
1625 1730 1823 1789 hostes
1860 1750 2085 1807 aecepe-

233 1816 242 1837 ’
298 1833 457 1901 runt,
505 1826 828 1904 traditique
880 1828 947 1885 in
993 1828 1318 1886 custodiam
1368 1847 1569 1886 omnes
1622 1833 1780 1902 sunt,
1824 1846 2083 1887 seorsum

247 1952 271 1989 ⁴
298 1922 453 1980 cives
479 1922 748 2000 sociique.
821 1922 985 1980 Dum
1008 1921 1096 1981 ibi
1120 1929 1356 2000 tempus
1379 1923 1610 1995 teritur,
1638 1923 1865 1981 interea
1899 1942 2083 2000 quum

297 2038 374 2077 ex
399 2018 717 2077 maioribus
743 2018 968 2091 castris,
991 2018 1205 2096 quibus
1232 2019 1377 2078 satis
1401 2019 1623 2078 virium
1648 2025 1710 2077 et
1736 2016 1920 2077 animi
1943 2018 2077 2092 fuit,

296 2116 373 2174 ad
415 2121 694 2192 quattuor
733 2116 922 2173 millia
962 2116 1269 2176 hominum
1309 2122 1372 2176 et
1395 2117 1654 2176 ‘ducenti
1691 2116 1933 2193 equites,
1975 2116 2081 2174 alii

295 2213 542 2290 agmine,
569 2213 674 2270 alii
698 2212 884 2290 palati
908 2213 1124 2290 passim
1150 2233 1259 2291 per
1282 2234 1467 2291 agros,
1497 2213 1653 2291 quod
1688 2213 1848 2271 haud
1882 2212 2081 2271 minus

293 2314 494 2366 tutum
523 2312 668 2378 erat,
696 2306 1022 2366 Canusium
1046 2309 1455 2386 perfugissent,
1485 2313 1676 2366 eastra
1699 2307 1829 2385 ipsa
1851 2308 1926 2365 ab
1953 2326 2081 2365 sau-

294 2404 400 2462 ciis
437 2403 775 2481 timidisque
814 2405 1018 2490 eadem
1063 2405 1416 2478 eondicione,
1459 2422 1577 2481 qua
1614 2403 1816 2478 altera,
1856 2403 2081 2462 tradita

243 2529 266 2567 ⁵
293 2500 463 2561 hosti.
549 2501 756 2559 Praeda
781 2502 987 2578 ingens
1012 2508 1183 2579 parta
1210 2507 1317 2574 est,
1346 2506 1408 2560 et
1442 2495 1653 2578 praeter
1688 2520 1865 2579 equos
1897 2500 2080 2559 viros-

293 2615 408 2676 que
449 2601 512 2655 et
553 2596 607 2655 si
651 2597 794 2674 quid
840 2598 1073 2673 argenti
1118 2596 1298 2676 (quod
1343 2596 1667 2673 plurimum
1711 2598 1779 2655 in
1822 2594 2079 2674 phaleris

293 2708 577 2768 equorum
623 2695 784 2764 erat3
837 2709 977 2748 nam
1022 2691 1098 2748 ad
1144 2689 1500 2748 vescendum
1543 2689 1699 2747 facto
1739 2686 2074 2765 perexiguo,

291 2786 499 2862 utique
536 2784 877 2859 militantes,
907 2785 1248 2864 utebantur)
1277 2786 1467 2844 omnis
1493 2791 1685 2844 cetera
1708 2785 1904 2862 praeda
1938 2784 2079 2841 diri-

243 2904 268 2942 6
293 2883 506 2962 pienda
552 2882 692 2940 data
737 2887 842 2940 est.
940 2881 1093 2939 Tum
1136 2879 1456 2958 sepeliendi
1499 2898 1672 2937 eausa
1715 2877 1965 2936 conferri
2008 2877 2078 2935 in

292 2999 479 3038 unum
530 2998 771 3055 corpora
822 2996 1062 3036 suorum
1105 2974 1316 3052 iussit,
1376 2976 1452 3034 ad
1494 2980 1625 3033 octo
1668 2973 1857 3032 millia
1896 2970 2078 3032 fuisse

291 3077 570 3135 dicuntur
612 3074 1065 3133 fortissimorum
1111 3072 1390 3131 virorum.
1485 3070 1798 3130 Consulem
1843 3087 2077 3146 quoque

290 3170 627 3229 Romanum
653 3168 1047 3246 conquisitum
1079 3166 1507 3243 sepultumque,
1534 3165 1776 3243 quidam
1808 3168 2077 3222 auctores

242 3391 266 3430 7
290 3273 544 3436 mtlssos,
600 3359 705 3439 qui
757 3359 1079 3419 Canusium
1140 3359 1536 3437 perfugerant,
1590 3321 1804 3414 mulier
1868 3352 2077 3432 Apula
