2375 3842
328 256 443 317 122
1109 255 1342 316 LIVII

325 405 700 483 sequentibus
747 404 1102 483 primoribus
1140 410 1418 482 patrum3
1474 404 1767 481 plebeium
1821 403 2114 463 consulem

325 522 431 561 sua
463 502 660 579 plebes
685 511 1006 580 prosecuta,
1036 502 1217 560 turba
1243 502 1620 579 conspectior,
1648 521 1832 579 quum
1859 502 2117 578 dignitas

279 636 302 672 5
327 645 725 694 Hannibamopesto
765 601 1003 658 deesset.
1072 598 1169 658 'Ut
1195 600 1260 656 in
1288 604 1478 657 castra
1494 604 1803 671 venerunt,
1823 598 2117 675 permixto

326 693 726 785 {gmss‘ssgfflmssffi
763 715 917 754 novo
957 696 1221 753 exercitu
1259 714 1328 753 ac
1362 701 1577 768 vetere,
1608 694 1813 753 castris
1843 694 2116 752 bifariam

326 787 553 832 sugemem,
765 793 951 863 factis,
999 798 1072 849 ut
1136 810 1293 849 nova
1351 791 1581 850 minora
1633 796 1827 849 essent
1878 791 2117 869 propius

331 888 748 962 Hannibalem,
790 890 855 947 in
902 889 1200 947 veteribus
1236 888 1424 946 maior
1461 907 1597 966 pars
1629 895 1691 947 et
1727 907 1898 948 omne
1935 889 2118 945 robur

279 1010 305 1048 6
326 985 544 1044 virium
584 992 753 1059 esset,
790 987 1095 1045 consulum
1134 986 1280 1044 anni
1314 986 1525 1063 prioris
1560 986 1647 1044 M.
1677 985 1954 1059 Atilium,
1984 993 2119 1045 aeta-

324 1087 445 1141 tem
499 1089 895 1158 excusantem,
951 1083 1206 1141 Romam
1257 1083 1563 1155 miserunt,
1620 1082 1936 1141 Geminum
1990 1083 2118 1166 δεῖ·

324 1180 536 1238 vilium
570 1180 637 1237 in
667 1180 993 1239 minoribus
1024 1181 1230 1238 castris
1256 1180 1474 1256 legioni
1501 1180 1781 1238 Romanae
1808 1186 1869 1238 et
1894 1180 2117 1239 socium

278 1316 307 1354 7
325 1277 590 1355 peditum
609 1280 992 1356 equitumque
1010 1277 1238 1335 duobus
1257 1277 1518 1336 millibus
1537 1278 1878 1354 praeficiunt.
1950 1278 2116 1336 Han-

327 1374 489 1434 nibal
531 1394 864 1451 quanquam
906 1381 1074 1451 parte
1115 1374 1360 1433 dimidia
1394 1380 1596 1432 auctas
1628 1374 1889 1432 hostium
1922 1374 2118 1451 copias

326 1471 615 1545 cernebat,
670 1478 871 1530 tamen
931 1472 1191 1530 adventu
1261 1472 1566 1546 consulum
1630 1471 1778 1529 mire
1823 1473 2113 1549 gaudere.

276 1587 300 1625 8
326 1568 389 1626 N
389 1588 466 1626 on
501 1569 690 1626 solum
727 1569 885 1627 enim
921 1568 1072 1626 nihil
1106 1588 1182 1628 ex
1216 1570 1403 1645 raptis
1428 1569 1494 1626 in
1520 1568 1675 1626 diem
1701 1569 2116 1628 commeatibus

328 1666 657 1742 superabat,
715 1665 818 1723 sed
870 1684 946 1723 ne
998 1665 1156 1723 unde
1209 1672 1440 1742 raperet
1493 1665 1746 1742 quidem,
1802 1666 2114 1743 quicquam

329 1760 543 1838 reliqui
581 1766 722 1834 erat,
767 1761 930 1819 omni
967 1762 1229 1838 undique
1269 1763 1566 1820 frumento
1618 1769 1933 1839 postquam
1977 1782 2117 1839 ager

275 1892 300 1931 9
324 1876 533 1934 parum
571 1863 741 1915 tutus
781 1863 925 1932 erat,
967 1859 1033 1915 in
1071 1859 1247 1916 urbes
1285 1859 1547 1916 munitas
1582 1865 1873 1931 convectO,
1911 1864 1982 1917 ut
2007 1859 2116 1916 vix

322 1955 519 2013 decem
547 1954 791 2027 dierum,
821 1955 979 2031 quod
1004 1961 1366 2032 compertum
1392 1962 1593 2032 postea
1617 1961 1724 2027 est,
1752 1956 2115 2014 frumentum

323 2057 663 2128 superesset,
685 2038 1205 2129 Hispanorumque
1225 2053 1300 2110 ob
1325 2052 1585 2129 inopiam
1610 2052 1886 2111 transitio
1910 2058 2116 2130 parata

321 2148 517 2220 fuerit,
547 2149 600 2208 si
625 2150 936 2208 maturitas
962 2156 1294 2227 temporum
1320 2155 1657 2226 exspectata
1680 2149 1853 2210 foret.

220 2244 298 2306 41
445 2246 723 2306 Ceterum
748 2247 1073 2305 temeritati
1100 2247 1355 2306 consulis
1381 2266 1448 2305 ac
1480 2266 1845 2324 praepropero
1875 2247 2116 2326 ingenio

320 2392 540 2487 mm
576 2393 723 2486 mm
759 2344 1065 2499 aas
1097 2441 1851 2500 m,
1905 2345 1971 2402 ὴ
1987 2364 2115 2500 pff·

866 2460 941 2499 en
1312 2460 1367 2498 r1
1407 2461 1477 2498 us
1532 2460 1632 2499 um
1768 2460 1891 2500 ano
1951 2462 2032 2499 roe
2078 2462 2113 2500 o

321 2495 658 2579 mmm
678 2485 723 2524 m
760 2558 829 2597 ac
860 2460 1142 2615 procul-Isiu
1171 2535 1359 2614 magis
1385 2536 1643 2594 militum
1670 2557 1848 2615 quam
1874 2461 1950 2596 εξ
1974 2557 2114 2614 prae·

321 2639 525 2710 parato
574 2640 679 2692 aut
717 2634 882 2692 iussu
915 2635 1338 2711 imperatorum
1374 2639 1505 2692 orto
1530 2633 1982 2712 haudquaquam
2007 2654 2116 2711 par

273 2758 297 2785 α
324 2731 521 2790 Poenis
567 2731 864 2790 dimicatio
910 2731 1042 2790 fuit.
1125 2730 1232 2790 Ad
1271 2730 1435 2789 mille
1471 2738 1534 2790 et
1569 2732 1925 2809 septingenti
1960 2731 2111 2804 caesi,

323 2848 444 2886 non
497 2827 632 2905 plus
684 2837 923 2887 centum
976 2828 1381 2886 Romanorum
1434 2828 1835 2905 sociorumque
1888 2827 2107 2886 occisis.

322 2925 595 2985 Ceterum
621 2925 941 2984 victoribus
967 2926 1147 2984 effuse
1172 2926 1553 3001 sequentibus
1578 2931 1743 2983 metu
1768 2923 2113 2983 insidiarum

319 3020 552 3080 obstitit
579 3020 802 3081 Paulus
837 3022 1055 3095 consul,
1086 3022 1252 3080 cuius
1278 3041 1347 3080 eo
1388 3020 1483 3079 die
1526 3019 1688 3100 (nam
1726 3020 1971 3079 alternis
2007 3022 2114 3078 im·

272 3147 301 3185 ³
320 3117 676 3198 pet-itabant)
738 3120 1052 3197 imperium
1105 3123 1249 3191 erat,
1306 3117 1580 3176 Varrone
1637 3117 1983 3194 indignante
2045 3138 2114 3177 ac

319 3214 691 3289 vociferante,
733 3215 1009 3274 emissum
1047 3215 1277 3273 hostem
1307 3233 1343 3273 e
1388 3214 1661 3273 manibus
1700 3214 2108 3293 debellarique,

271 3348 294 3383 ⁴
320 3312 386 3369 ni
432 3318 719 3370 cessatum
772 3315 940 3386 foret,
995 3312 1270 3389 potuisse.
1355 3311 1664 3371 Hannibal
1714 3313 1780 3372 id
1833 3313 2112 3371 damnum

317 3408 477 3468 haud
516 3409 812 3486 aegerrime
850 3409 1013 3486 pati3
1053 3408 1200 3487 quin
1237 3407 1437 3487 potius
1470 3409 1718 3486 credere,
1758 3409 1926 3469 velut
1960 3408 2110 3469 ines-
