2375 3842
901 220 1163 280 LIBER
1214 219 1430 282 XXII.
1939 221 2053 280 113

273 370 348 429 ad
384 387 517 428 eum
548 368 808 447 fugisset,
834 374 900 430 et
930 368 1035 427 alii
1071 368 1138 426 in
1168 368 1421 444 Ligures
1446 367 1523 427 ad
1541 366 2055 445 expostulandum,
2083 399 2105 435 ⁴

273 467 430 543 quod
471 466 721 524 Poenum
761 465 968 543 opibus
1006 464 1360 542 auxiliisque
1394 465 1515 523 suis
1549 464 1854 535 iuvissent,
1882 464 2053 522 simul

273 564 349 621 ad
374 563 682 622 visendum
707 581 784 620 ex
808 563 1152 640 propinquo,
1174 581 1304 639 quse
1328 562 1395 620 in
1420 561 1584 619 Boiis
1608 567 1785 639 atque
1799 561 2058 621 Insubri-

271 660 382 718 bus
406 665 761 736 gererentur.
844 659 950 717 Ad
976 658 1230 717 Pineum
1255 677 1485 734 quoque
1504 676 1703 736 regem
1727 658 1794 716 in
1820 657 2057 736 Illyrios
2083 689 2105 727 ⁵

271 756 451 832 legati
487 755 652 814 missi
689 755 767 814 ad
803 755 1181 833 stipendium,
1213 755 1381 814 cuius
1405 756 1530 813 dies
1556 756 1797 828 exierat,
1825 773 2059 834 poscen-

271 853 413 911 dum
452 859 573 924 aut,
620 852 674 911 si
711 852 868 911 diem
905 852 1154 929 proferri
1187 852 1388 924 vellet,
1416 851 1643 912 obsides
1675 852 2052 930 accipiendos.

269 950 458 1022 Adeo,
508 950 621 1009 etsi
667 949 888 1008 bellum
932 950 1142 1027 ingens
1184 949 1253 1008 in
1292 949 1614 1008 cervicibus
1649 955 1795 1024 erat,
1835 950 2058 1009 nullius
2083 967 2107 1004 ε

270 1066 520 1124 usquam
561 1053 852 1105 terrarum
903 1046 994 1105 rei
1042 1063 1185 1104 outa
1238 1046 1551 1119 Romanos,
1605 1066 1685 1105 ne
1725 1046 2056 1124 longinquae

272 1143 527 1220 quidem,
563 1142 895 1219 effugiebat.
977 1143 1057 1201 In
1093 1143 1434 1219 religionem
1459 1143 1639 1202 etiam
1663 1144 1849 1214 venit,
1877 1143 2057 1201 aedem
2083 1179 2105 1214 ⁷

271 1238 619 1312 Concordiae,
674 1258 853 1317 quam
900 1258 1011 1316 per
1063 1239 1412 1298 seditionem
1456 1239 1772 1297 militarem
1817 1240 2054 1298 biennio

269 1343 407 1396 ante
445 1336 510 1396 L.
557 1337 820 1395 Manlius
855 1341 1070 1414 praetor
1092 1336 1161 1394 in
1187 1336 1385 1394 Gallia
1408 1336 1680 1409 vovisset,
1710 1336 1958 1394 locatam
1984 1337 2060 1394 ad

267 1434 332 1492 id
374 1440 605 1512 tempus
648 1452 772 1492 non
815 1453 951 1494 esse.
1037 1433 1252 1509 Itaque
1295 1432 1598 1491 duumviri
1639 1433 1719 1491 ad
1764 1451 1893 1491 eam
1931 1452 2057 1491 rem
2078 1460 2102 1499 3

269 1532 451 1589 creati
497 1551 536 1589 a
580 1531 668 1589 M.
714 1530 964 1589 AEmilio
1009 1535 1256 1606 praetore
1308 1532 1551 1604 urbano,
1598 1530 1661 1591 O.
1708 1529 1938 1608 Pupius
1990 1537 2052 1588 et

271 1626 430 1686 Oaeso
470 1627 782 1697 Quinctius
821 1626 1211 1728 Flamininus,
1253 1627 1437 1686 aedem
1469 1627 1542 1686 in
1571 1646 1703 1686 arce
1727 1627 2054 1686 faciendam

266 1723 619 1783 locaverunt.

384 1821 489 1902 Ab
513 1821 716 1879 eodem
741 1825 988 1898 praetore
1023 1840 1100 1879 ex
1134 1827 1375 1879 senatus
1416 1820 1683 1879 consulto
1727 1820 1940 1878 litterae
1983 1820 2056 1878 ad
2084 1849 2110 1886 9

268 1918 527 1978 consules
567 1920 772 1995 missae,
802 1923 888 1991 ut,
916 1919 970 1976 si
1008 1918 1084 1976 iis
1117 1919 1431 1990 videretur,
1461 1918 1614 1976 alter
1651 1941 1739 1980 'nn
1765 1940 1931 1980 conam.
1956 1949 2052 1979 ean-

1652 1991 1727 2025 not
1746 1991 1890 2026 retum
1904 1986 1968 2025 for
1983 1986 2053 2026 the

269 2034 467 2072 eorum
506 2016 583 2073 ad
621 2015 884 2073 consules
915 2015 1190 2073 creandos
1227 2015 1477 2072 Romam
1516 2035 1614 2073 ve·
1652 1996 2052 2126 Ξῗοιῐιῗεωέἒὲιωῶιιιὲ-

266 2113 452 2183 niret3
509 2129 572 2169 se
606 2113 675 2168 in
714 2130 843 2169 eam
869 2111 1042 2184 diem,
1072 2130 1251 2188 quam
1290 2111 1610 2184 iussissent,
1652 2123 2051 2217 weg-

267 2208 505 2265 comitia
547 2208 890 2265 edicturum.
976 2207 1080 2265 Ad
1120 2207 1246 2264 haec
1280 2227 1321 2264 a
1367 2207 1611 2264 consuli·
1649 2225 1837 2263 purpooe·
2081 2236 2128 2263 ιο

270 2304 382 2361 bus
427 2304 789 2379 rescriptum,
837 2303 963 2361 sine
1005 2303 1359 2361 detrimento
1397 2303 1488 2359 rei
1534 2301 1781 2378 publicae
1825 2302 2052 2360 abscedi

266 2419 388 2458 non
432 2418 597 2476 posse
641 2400 719 2457 ab
763 2399 931 2457 hoste
954 2421 973 2473 3
1032 2400 1233 2475 itaque
1278 2417 1384 2474 per
1427 2398 1778 2474 interregem
1821 2398 2053 2456 comitia

265 2497 534 2555 habenda
559 2516 681 2554 esse
707 2497 917 2573 potius,
947 2515 1125 2573 quam
1150 2495 1352 2553 consul
1380 2494 1529 2552 alter
1553 2514 1590 2552 a
1616 2495 1768 2553 bello
1793 2513 2053 2553 avocare-

269 2601 382 2653 tur.
467 2593 745 2651 Patribus
770 2594 985 2652 rectius
1010 2593 1204 2651 visum
1225 2598 1330 2664 est,
1360 2592 1704 2651 dictatorem
1744 2611 1781 2651 a
1818 2592 2052 2651 consule
2081 2623 2123 2649 ιι

265 2692 383 2749 dici
416 2691 785 2749 comitiorum
814 2689 1217 2747 habendorum
1250 2708 1435 2747 causa.
1519 2689 1731 2747 Dictus
1766 2689 1833 2748 L.
1865 2689 2050 2747 Vetu-

264 2789 389 2846 rius
448 2788 621 2846 Philo
675 2786 778 2845 Μ’.
836 2785 1229 2862 Pomponium
1296 2786 1640 2845 Mathonem
1704 2788 2049 2863 magistrum

265 2885 529 2962 equitum
554 2883 723 2942 dixit.
809 2882 896 2939 Iis
936 2883 1085 2940 vitio
1127 2883 1337 2941 creatis
1375 2884 1662 2960 iussisque
1701 2884 1796 2941 die
1837 2889 2048 2959 quarto
2076 2919 2121 2944 η

263 2981 484 3038 decimo
536 3000 596 3038 se
640 2980 991 3056 magistratu
1035 2979 1320 3052 abdicare,
1375 2981 1470 3043 ad,
1503 2981 1905 3055 interregnum
1957 2998 2048 3037 res

261 3078 449 3137 rediit.
538 3077 889 3136 Consulibus
931 3084 1305 3154 prorogatum
1347 3076 1414 3134 in
1453 3095 1675 3136 annum
1714 3075 2040 3152 imperium.
2072 3088 2151 3146 34

261 3174 592 3250 Interreges
633 3172 853 3250 proditi
892 3180 1034 3231 sunt
1076 3193 1113 3231 a
1151 3174 1419 3251 patribus
1455 3173 1519 3231 O.
1565 3171 1843 3230 Claudius
1880 3172 2040 3249 App.

260 3270 416 3327 filius
444 3269 642 3343 Cent0,
675 3270 814 3327 inde
857 3270 923 3329 P.
958 3269 1263 3328 Cornelius
1288 3269 1500 3327 Asina.
1581 3268 1659 3325 In
1701 3268 1826 3325 eius
1867 3270 2045 3325 inter-

261 3384 437 3441 regno
488 3366 723 3424 comitia
787 3366 991 3425 habita
1056 3382 1269 3443 magno
1320 3364 1636 3424 certamine
1687 3370 1923 3442 patrum
1975 3386 2043 3423 ac

432 3492 491 3539 C.
524 3493 578 3541 L.
1831 3480 1872 3538 8
