2375 3842
890 242 1149 303 LIBER
1200 241 1417 304 XXII.
1968 239 2041 301 91

251 402 316 456 et
354 394 668 454 descendas
705 390 773 451 in
808 412 1040 471 aequum
1077 399 1140 452 et
1167 392 1263 451 vir
1299 412 1437 452 cum
1471 390 1602 449 viro
1636 388 2042 469 congrediaris.

252 492 551 553 Audendo
596 495 774 569 atque
819 491 1043 568 agendo
1089 509 1183 550 res
1225 490 1496 549 Romana
1537 486 1743 564 crevit,
1784 505 1908 546 non
1951 486 2047 545 his

253 589 529 667 segnibus
569 586 843 661 consiliis,
895 606 1025 665 quoe
1070 586 1269 645 timidi
1322 593 1497 644 cauta
1546 583 1815 644 vocant?
1896 583 2045 642 Haec
2073 609 2120 649 ι,

253 685 421 745 velut
485 684 853 745 contionanti
909 683 1179 742 Minucio
1232 682 1811 743 circumfundebatur
1860 680 2047 740 tribu-

250 802 464 841 norum
533 781 912 859 equitumque
973 780 1379 838 Romanorum
1429 779 1769 853 multitudo,
1843 783 1907 838 et
1969 777 2047 837 ad

251 897 422 937 aures
462 889 694 957 quoque
731 877 992 936 militum
1032 877 1190 936 dicta
1225 876 1446 937 ferocia
1475 876 1939 953 evolvebant-um
1976 894 2045 934 ac

251 973 305 1033 si
349 974 626 1032 militaris
666 973 929 1052 suffragii
971 993 1067 1033 res
1112 980 1284 1047 esset,
1332 973 1493 1033 haud
1537 973 1714 1033 dubie
1758 973 2044 1044 ferebant,

253 1071 587 1131 Minucium
614 1070 798 1130 Fabio
824 1071 962 1130 duci
985 1071 1343 1149 praelaturos.

371 1168 591 1226 Fabius
616 1167 837 1246 pariter
861 1168 928 1226 in
959 1187 1094 1227 suos
1119 1168 1282 1227 haud
1307 1166 1507 1226 minus
1530 1186 1708 1245 quam
1743 1165 1810 1225 in
1842 1166 2039 1227 hostes
2072 1165 2144 1225 15

254 1265 538 1339 intentus,
567 1265 731 1343 prius
765 1267 842 1324 ab
877 1265 996 1324 illis
1022 1266 1315 1325 invictum
1339 1265 1603 1324 animum
1641 1301 1796 1341 m„
1809 1301 2045 1395 amm„

252 1366 506 1438 praestat.
591 1361 941 1439 Quanquam
978 1361 1158 1438 probe
1201 1361 1329 1433 scit,
1375 1379 1498 1418 non
1537 1359 1604 1417 in
1642 1357 1853 1432 mm
1868 1403 2042 1433 umen

253 1457 460 1515 eastris
498 1457 671 1531 modo
709 1457 850 1530 auis,
891 1458 993 1516 sed
1025 1456 1145 1515 iam
1180 1457 1362 1516 etiam
1398 1456 1605 1515 Romae
1641 1440 1734 1479 '⁰¹¹
1753 1439 2043 1480 “mm

254 1553 533 1611 infamem
577 1574 742 1613 suam
789 1556 1223 1613 cunctationem
1266 1573 1409 1628 esse,
1462 1553 1792 1612 obstinatus
1838 1558 2043 1611 tamen

254 1657 455 1709 tenore
495 1652 695 1710 eodem
741 1652 1114 1711 consiliorum
1158 1652 1381 1711 aestatis
1421 1651 1717 1728 reliquum
1759 1649 2038 1722 extraxit,

251 1754 323 1806 ut
366 1747 672 1808 Hannibal
711 1748 1031 1808 destitutus
1070 1750 1145 1807 ab
1186 1769 1289 1827 spe
1325 1768 1555 1808 summa
1589 1768 1698 1826 ope
1724 1748 1900 1826 petiti
1926 1766 2042 1806 cer-
2066 1774 2090 1801 ο

251 1845 491 1904 taminis
529 1845 648 1904 iam
688 1844 949 1905 hibernis
987 1846 1181 1907 locum
1221 1847 1745 1925 circumspectaret,
1789 1844 1932 1924 quia
1972 1863 2042 1902 ea

250 1941 411 2019 regio
469 1944 774 2021 praesentis
836 1949 964 2002 erat
1009 1944 1204 2021 copiae,
1260 1964 1384 2003 non
1434 1950 1748 2056 perpetuae,
1801 1942 2042 2001 arbusta

250 2039 555 2117 vineaeque
593 2045 655 2098 et
694 2042 920 2099 consita
960 2042 1160 2099 omnia
1203 2043 1389 2119 magis
1431 2041 1673 2101 amoenis
1719 2059 1898 2118 quam
1944 2057 2041 2096 ne-

251 2137 513 2195 cessariis
552 2137 855 2198 fructibus.
940 2137 1090 2195 Haec
1127 2157 1237 2214 per
1274 2138 1669 2216 exploratores
1707 2136 1892 2195 relata
1931 2135 2039 2193 Fa·
2065 2154 2090 2191 ³

250 2233 364 2292 bio.
449 2232 650 2303 Quum
689 2234 833 2291 satis
864 2233 1056 2307 sciret,
1084 2252 1191 2311 per
1222 2235 1454 2293 easdem
1479 2233 1797 2310 angustias,
1825 2231 2040 2309 quibus

250 2329 580 2385 intraverat
642 2327 959 2388 Falernum
1013 2349 1239 2408 agrum,
1292 2329 1640 2403 rediturum,
1698 2327 2038 2388 Calliculam

250 2430 509 2482 montem
547 2430 609 2481 et
648 2424 971 2485 Casilinum
1010 2432 1256 2502 occupat
1292 2424 1536 2484 modicis
1569 2422 1869 2503 praesidiis,
1910 2441 2039 2500 quae
2063 2445 2085 2483 ⁴

248 2522 392 2579 urbs
437 2520 743 2579 Vulturno
785 2522 1030 2581 flumine
1075 2523 1370 2600 dirempta
1420 2521 1739 2581 Falernum
1790 2540 1828 2578 a
1874 2518 2041 2579 Oam-

247 2637 403 2696 pano
454 2637 596 2696 agro
637 2616 890 2693 dividit3
943 2621 1069 2698 ipse
1111 2619 1268 2696 iugis
1312 2619 1523 2678 iisdem
1576 2618 1900 2679 exercitum
1953 2638 2039 2678 re-

248 2713 425 2790 ducit,
463 2714 644 2774 misso
674 2715 1043 2792 exploratum
1079 2736 1216 2775 cum
1257 2717 1701 2795 quadringentis
1735 2716 2034 2793 equitibus

247 2813 532 2872 sociorum
574 2812 643 2871 L.
684 2812 951 2872 Hostilio
991 2813 1290 2874 Mancino.
1376 2814 1512 2887 Qui,
1554 2834 1631 2873 ex
1667 2814 1846 2871 turba
1878 2811 2037 2871 iuve-
2061 2830 2086 2870 ⁵

245 2928 390 2967 num
443 2909 814 2969 audientium
865 2928 1017 2988 saepe
1068 2911 1339 2969 ferociter
1382 2911 1598 2970 contio-
1635 2948 1713 2989 bnt
1734 2949 1842 2988 10000
1864 2957 1979 2988 nome
1994 2948 2040 2987 or

245 3013 485 3065 nantem
530 3007 878 3086 magistrum
922 3006 1205 3084 equitum,
1261 3027 1597 3086 progressus
1635 2994 2037 3080 fflfflbffiffi

242 3104 435 3179 primo
469 3103 853 3181 exploratoris
888 3104 1079 3178 modo,
1109 3109 1181 3162 ut
1212 3123 1290 3162 ex
1312 3110 1447 3163 tuto
1472 3123 1597 3181 spe-
1634 3085 1763 3126 ‘'³¹²¹'‘

243 3198 540 3258 cularetur
563 3200 809 3274 hostem,
838 3202 945 3260 ubi
969 3220 1148 3279 vagos
1174 3201 1391 3279 passim
1426 3219 1532 3277 per
1555 3200 1716 3259 vicos
1742 3199 2034 3261 Numidas

243 3295 392 3353 vidit
424 3303 476 3354 et
510 3315 616 3374 per
649 3299 1006 3357 occasionem
1032 3299 1214 3357 etiam
1239 3315 1454 3375 paucos
1479 3297 1709 3373 occidit,
1739 3299 2031 3377 extemplo
2056 3314 2083 3355 ⁶

244 3398 556 3469 occupatus
598 3394 915 3454 certamine
961 3400 1052 3453 est
1089 3394 1340 3468 animus,
1391 3393 1850 3475 excideruntque
1890 3416 2032 3474 prue-
