<?xml version="1.0" encoding="UTF-8"?>
<!DOCTYPE html PUBLIC "-//W3C//DTD XHTML 1.0 Transitional//EN"
    "http://www.w3.org/TR/xhtml1/DTD/xhtml1-transitional.dtd">
<html xmlns="http://www.w3.org/1999/xhtml" xml:lang="en" lang="en">
 <head>
  <title>
</title>
<meta http-equiv="Content-Type" content="text/html;charset=utf-8" />
  <meta name='ocr-system' content='tesseract 3.04.00' />
  <meta name='ocr-capabilities' content='ocr_page ocr_carea ocr_par ocr_line ocrx_word'/>
</head>
<body>
  <div class='ocr_page' id='page_1' title='image "./livybooksxxiand02capegoog_0202.png"; bbox 0 0 2375 3842; ppageno 0'>
   <div class='ocr_carea' id='block_1_1' title="bbox 339 255 1342 320">
    <p class='ocr_par' dir='ltr' id='par_1_1' title="bbox 339 255 1342 320">
     <span class='ocr_line' id='line_1_1' title="bbox 339 255 1342 320; baseline -0.004 -2"><span class='ocrx_word' id='word_1_1' title='bbox 339 260 453 320; x_wconf 86' lang='lat'><strong>100</strong></span> <span class='ocrx_word' id='word_1_2' title='bbox 1114 256 1210 315; x_wconf 84' lang='lat' dir='ltr'><strong>LI</strong></span> <span class='ocrx_word' id='word_1_3' title='bbox 1218 255 1342 317; x_wconf 84' lang='lat' dir='ltr'><strong>VH</strong></span> 
     </span>
    </p>
   </div>
   <div class='ocr_carea' id='block_1_2' title="bbox 333 401 2119 671">
    <p class='ocr_par' dir='ltr' id='par_1_2' title="bbox 333 367 2119 671">
     <span class='ocr_line' id='line_1_2' title="bbox 336 401 2119 472; baseline -0.003 -9"><span class='ocrx_word' id='word_1_4' title='bbox 336 425 494 463; x_wconf 88' lang='lat' dir='ltr'><strong>nunc</strong></span> <span class='ocrx_word' id='word_1_5' title='bbox 532 404 616 462; x_wconf 82' lang='lat' dir='ltr'><strong>cis</strong></span> <span class='ocrx_word' id='word_1_6' title='bbox 657 402 952 460; x_wconf 89' lang='lat' dir='ltr'><strong>Hiberum</strong></span> <span class='ocrx_word' id='word_1_7' title='bbox 992 406 1182 459; x_wconf 87' lang='lat' dir='ltr'><strong>castra</strong></span> <span class='ocrx_word' id='word_1_8' title='bbox 1218 401 1486 459; x_wconf 83' lang='lat' dir='ltr'><strong>Romana</strong></span> <span class='ocrx_word' id='word_1_9' title='bbox 1520 418 1659 472; x_wconf 82' lang='lat' dir='ltr'><strong>esse,</strong></span> <span class='ocrx_word' id='word_1_10' title='bbox 1677 415 1888 457; x_wconf 83' lang='lat' dir='ltr'><strong>-areem</strong></span> <span class='ocrx_word' id='word_1_11' title='bbox 1920 404 2119 458; x_wconf 82' lang='lat' dir='ltr'><strong>tutam</strong></span> 
     </span>
     <span class='ocr_line' id='line_1_3' title="bbox 335 497 2118 590; baseline -0.003 -31"><span class='ocrx_word' id='word_1_12' title='bbox 335 500 779 577; x_wconf 81' lang='lat' dir='ltr'>perfugiumque</span> <span class='ocrx_word' id='word_1_13' title='bbox 819 518 1004 590; x_wconf 83' lang='lat' dir='ltr'><strong>novas</strong></span> <span class='ocrx_word' id='word_1_14' title='bbox 1034 498 1369 556; x_wconf 82' lang='lat' dir='ltr'><strong>volentibus</strong></span> <span class='ocrx_word' id='word_1_15' title='bbox 1402 516 1495 555; x_wconf 89' lang='lat' dir='ltr'><strong>res</strong></span> <span class='ocrx_word' id='word_1_16' title='bbox 1519 517 1537 570; x_wconf 83' lang='lat'>3</span> <span class='ocrx_word' id='word_1_17' title='bbox 1579 497 1795 574; x_wconf 86' lang='lat' dir='ltr'><strong>itaque,</strong></span> <span class='ocrx_word' id='word_1_18' title='bbox 1824 514 1971 573; x_wconf 90' lang='lat' dir='ltr'><strong>quos</strong></span> <span class='ocrx_word' id='word_1_19' title='bbox 2002 515 2118 553; x_wconf 91' lang='lat' dir='ltr'><strong>me·</strong></span> 
     </span>
     <span class='ocr_line' id='line_1_4' title="bbox 333 592 2112 671; baseline -0.001 -17"><span class='ocrx_word' id='word_1_20' title='bbox 333 602 433 655; x_wconf 91' lang='lat' dir='ltr'><strong>tus</strong></span> <span class='ocrx_word' id='word_1_21' title='bbox 468 616 588 654; x_wconf 86' lang='lat' dir='ltr'><strong>non</strong></span> <span class='ocrx_word' id='word_1_22' title='bbox 627 601 843 667; x_wconf 88' lang='lat' dir='ltr'><strong>teneat,</strong></span> <span class='ocrx_word' id='word_1_23' title='bbox 883 594 1163 653; x_wconf 87' lang='lat' dir='ltr'><strong>beneficio</strong></span> <span class='ocrx_word' id='word_1_24' title='bbox 1203 600 1266 652; x_wconf 91' lang='lat' dir='ltr'><strong>et</strong></span> <span class='ocrx_word' id='word_1_25' title='bbox 1303 594 1491 671; x_wconf 89' lang='lat' dir='ltr'><strong>gratia</strong></span> <span class='ocrx_word' id='word_1_26' title='bbox 1530 592 1941 651; x_wconf 84' lang='lat' dir='ltr'><strong>devinciendos</strong></span> <span class='ocrx_word' id='word_1_27' title='bbox 1973 612 2112 653; x_wconf 91' lang='lat' dir='ltr'><strong>esse.</strong></span> 
     </span>
    </p>
   </div>
   <div class='ocr_carea' id='block_1_3' title="bbox 269 685 2220 768">
    <p class='ocr_par' dir='ltr' id='par_1_3' title="bbox 269 685 2220 768">
     <span class='ocr_line' id='line_1_5' title="bbox 269 685 2220 768; baseline -0.002 -18"><span class='ocrx_word' id='word_1_28' title='bbox 269 716 312 743; x_wconf 67' lang='grc' dir='ltr'><strong>ιε</strong></span> <span class='ocrx_word' id='word_1_29' title='bbox 335 692 587 750; x_wconf 76' lang='lat' dir='ltr'><strong>Miranti</strong></span> <span class='ocrx_word' id='word_1_30' title='bbox 626 691 860 750; x_wconf 76' lang='lat' dir='ltr'><strong>Bostari</strong></span> <span class='ocrx_word' id='word_1_31' title='bbox 895 691 1392 768; x_wconf 71' lang='lat' dir='ltr'><strong>percontantique,</strong></span> <span class='ocrx_word' id='word_1_32' title='bbox 1436 690 1729 767; x_wconf 87' lang='lat' dir='ltr'><strong>quodnam</strong></span> <span class='ocrx_word' id='word_1_33' title='bbox 1755 690 1820 748; x_wconf 89' lang='lat' dir='ltr'><strong>id</strong></span> <span class='ocrx_word' id='word_1_34' title='bbox 1851 690 2114 748; x_wconf 90' lang='lat' dir='ltr'><strong>subitum</strong></span> <span class='ocrx_word' id='word_1_35' title='bbox 2213 685 2220 696; x_wconf 74' lang='grc'><strong><em>’</em></strong></span> 
     </span>
    </p>
   </div>
   <div class='ocr_carea' id='block_1_4' title="bbox 265 785 2132 1444">
    <p class='ocr_par' dir='ltr' id='par_1_4' title="bbox 266 785 2132 1057">
     <span class='ocr_line' id='line_1_6' title="bbox 266 785 2117 864; baseline -0.001 -18"><span class='ocrx_word' id='word_1_36' title='bbox 266 814 312 852; x_wconf 84' lang='lat'><strong>13</strong></span> <span class='ocrx_word' id='word_1_37' title='bbox 334 794 514 846; x_wconf 72' lang='lat' dir='ltr'><strong>tantae</strong></span> <span class='ocrx_word' id='word_1_38' title='bbox 551 788 641 846; x_wconf 90' lang='lat' dir='ltr'><strong>rei</strong></span> <span class='ocrx_word' id='word_1_39' title='bbox 678 789 897 846; x_wconf 88' lang='lat' dir='ltr'><strong>donum</strong></span> <span class='ocrx_word' id='word_1_40' title='bbox 934 793 1129 864; x_wconf 90' lang='lat' dir='ltr'><strong>posset</strong></span> <span class='ocrx_word' id='word_1_41' title='bbox 1167 806 1310 859; x_wconf 90' lang='lat' dir='ltr'><strong>esse,</strong></span> <span class='ocrx_word' id='word_1_42' title='bbox 1356 791 1391 822; x_wconf 90' lang='lat'><strong>“</strong></span> <span class='ocrx_word' id='word_1_43' title='bbox 1409 786 1655 844; x_wconf 79' lang='lat' dir='ltr'><strong>Obsides</strong></span> <span class='ocrx_word' id='word_1_44' title='bbox 1670 785 1703 813; x_wconf 89' lang='lat'><strong>&#39;&#39;</strong></span> <span class='ocrx_word' id='word_1_45' title='bbox 1743 786 1944 862; x_wconf 78' lang='lat' dir='ltr'><strong>inq‘uit</strong></span> <span class='ocrx_word' id='word_1_46' title='bbox 1999 791 2035 822; x_wconf 92' lang='lat'><strong>“</strong></span> <span class='ocrx_word' id='word_1_47' title='bbox 2048 787 2117 845; x_wconf 87' lang='lat' dir='ltr'><strong>in</strong></span> 
     </span>
     <span class='ocr_line' id='line_1_7' title="bbox 335 882 2118 959; baseline -0.001 -17"><span class='ocrx_word' id='word_1_48' title='bbox 335 884 602 943; x_wconf 87' lang='lat' dir='ltr'><strong>civitates</strong></span> <span class='ocrx_word' id='word_1_49' title='bbox 641 885 890 944; x_wconf 88' lang='lat' dir='ltr'><strong>remitte.</strong></span> <span class='ocrx_word' id='word_1_50' title='bbox 976 883 1052 941; x_wconf 88' lang='lat' dir='ltr'><strong>Id</strong></span> <span class='ocrx_word' id='word_1_51' title='bbox 1086 888 1148 941; x_wconf 83' lang='lat' dir='ltr'><strong>et</strong></span> <span class='ocrx_word' id='word_1_52' title='bbox 1173 882 1451 959; x_wconf 86' lang='lat' dir='ltr'><strong>privatim</strong></span> <span class='ocrx_word' id='word_1_53' title='bbox 1477 882 1833 958; x_wconf 86' lang='lat' dir='ltr'><strong>parentibus,</strong></span> <span class='ocrx_word' id='word_1_54' title='bbox 1864 901 2118 959; x_wconf 86' lang='lat' dir='ltr'><strong>quorum</strong></span> 
     </span>
     <span class='ocr_line' id='line_1_8' title="bbox 333 978 2132 1057; baseline -0.001 -19"><span class='ocrx_word' id='word_1_55' title='bbox 333 980 658 1038; x_wconf 86' lang='lat' dir='ltr'><strong>maximum</strong></span> <span class='ocrx_word' id='word_1_56' title='bbox 697 985 1058 1038; x_wconf 87' lang='lat' dir='ltr'><strong>momentum</strong></span> <span class='ocrx_word' id='word_1_57' title='bbox 1097 978 1163 1036; x_wconf 92' lang='lat' dir='ltr'><strong>in</strong></span> <span class='ocrx_word' id='word_1_58' title='bbox 1203 978 1541 1036; x_wconf 86' lang='lat' dir='ltr'><strong>civitatibus</strong></span> <span class='ocrx_word' id='word_1_59' title='bbox 1580 984 1671 1037; x_wconf 91' lang='lat' dir='ltr'><strong>est</strong></span> <span class='ocrx_word' id='word_1_60' title='bbox 1710 980 1848 1051; x_wconf 84' lang='lat' dir='ltr'><strong>suis,</strong></span> <span class='ocrx_word' id='word_1_61' title='bbox 1884 986 1948 1037; x_wconf 90' lang='lat' dir='ltr'><strong>et</strong></span> <span class='ocrx_word' id='word_1_62' title='bbox 1973 980 2132 1057; x_wconf 90' lang='lat' dir='ltr'><strong>pub--</strong></span> 
     </span>
    </p>

    <p class='ocr_par' dir='ltr' id='par_1_5' title="bbox 265 1074 2119 1444">
     <span class='ocr_line' id='line_1_9' title="bbox 265 1074 2117 1155; baseline 0 -21"><span class='ocrx_word' id='word_1_63' title='bbox 265 1106 309 1141; x_wconf 83' lang='lat'><strong>14</strong></span> <span class='ocrx_word' id='word_1_64' title='bbox 332 1078 441 1137; x_wconf 91' lang='lat' dir='ltr'><strong>lice</strong></span> <span class='ocrx_word' id='word_1_65' title='bbox 475 1077 705 1155; x_wconf 78' lang='lat' dir='ltr'><strong>populis</strong></span> <span class='ocrx_word' id='word_1_66' title='bbox 744 1084 980 1152; x_wconf 83' lang='lat' dir='ltr'><strong>gratum</strong></span> <span class='ocrx_word' id='word_1_67' title='bbox 1024 1075 1153 1133; x_wconf 89' lang='lat' dir='ltr'><strong>erit.</strong></span> <span class='ocrx_word' id='word_1_68' title='bbox 1237 1074 1393 1132; x_wconf 89' lang='lat' dir='ltr'><strong>Vult</strong></span> <span class='ocrx_word' id='word_1_69' title='bbox 1428 1074 1544 1132; x_wconf 89' lang='lat' dir='ltr'><strong>sibi</strong></span> <span class='ocrx_word' id='word_1_70' title='bbox 1577 1075 1822 1152; x_wconf 89' lang='lat' dir='ltr'><strong>quisque</strong></span> <span class='ocrx_word' id='word_1_71' title='bbox 1849 1076 2025 1149; x_wconf 86' lang='lat' dir='ltr'><strong>credi,</strong></span> <span class='ocrx_word' id='word_1_72' title='bbox 2054 1083 2117 1134; x_wconf 89' lang='lat' dir='ltr'><strong>et</strong></span> 
     </span>
     <span class='ocr_line' id='line_1_10' title="bbox 332 1170 2117 1248; baseline -0.002 -16"><span class='ocrx_word' id='word_1_73' title='bbox 332 1175 535 1233; x_wconf 88' lang='lat' dir='ltr'><strong>habita</strong></span> <span class='ocrx_word' id='word_1_74' title='bbox 579 1174 721 1231; x_wconf 85' lang='lat' dir='ltr'><strong>fides</strong></span> <span class='ocrx_word' id='word_1_75' title='bbox 765 1173 952 1248; x_wconf 84' lang='lat' dir='ltr'><strong>ipsam</strong></span> <span class='ocrx_word' id='word_1_76' title='bbox 990 1171 1333 1248; x_wconf 89' lang='lat' dir='ltr'><strong>plerumque</strong></span> <span class='ocrx_word' id='word_1_77' title='bbox 1373 1170 1591 1247; x_wconf 86' lang='lat' dir='ltr'><strong>obligat</strong></span> <span class='ocrx_word' id='word_1_78' title='bbox 1629 1171 1817 1231; x_wconf 88' lang='lat' dir='ltr'><strong>fidem.</strong></span> <span class='ocrx_word' id='word_1_79' title='bbox 1905 1172 2117 1229; x_wconf 89' lang='lat' dir='ltr'><strong>Minis-</strong></span> 
     </span>
     <span class='ocr_line' id='line_1_11' title="bbox 330 1267 2119 1329; baseline -0.001 0"><span class='ocrx_word' id='word_1_80' title='bbox 330 1270 547 1329; x_wconf 89' lang='lat' dir='ltr'><strong>terium</strong></span> <span class='ocrx_word' id='word_1_81' title='bbox 593 1269 1089 1328; x_wconf 80' lang='lat' dir='ltr'><strong>restituendorum</strong></span> <span class='ocrx_word' id='word_1_82' title='bbox 1131 1268 1331 1327; x_wconf 82' lang='lat' dir='ltr'><strong>domos</strong></span> <span class='ocrx_word' id='word_1_83' title='bbox 1383 1267 1651 1325; x_wconf 90' lang='lat' dir='ltr'><strong>obsidum</strong></span> <span class='ocrx_word' id='word_1_84' title='bbox 1701 1268 1975 1327; x_wconf 80' lang='lat' dir='ltr'><strong>mihimet</strong></span> <span class='ocrx_word' id='word_1_85' title='bbox 2022 1269 2119 1328; x_wconf 88' lang='lat' dir='ltr'><strong>de-</strong></span> 
     </span>
     <span class='ocr_line' id='line_1_12' title="bbox 333 1363 2118 1444; baseline -0.001 -19"><span class='ocrx_word' id='word_1_86' title='bbox 333 1386 502 1443; x_wconf 80' lang='lat' dir='ltr'><strong>posco</strong></span> <span class='ocrx_word' id='word_1_87' title='bbox 540 1367 680 1444; x_wconf 89' lang='lat' dir='ltr'><strong>ipse,</strong></span> <span class='ocrx_word' id='word_1_88' title='bbox 719 1372 790 1423; x_wconf 89' lang='lat' dir='ltr'><strong>ut</strong></span> <span class='ocrx_word' id='word_1_89' title='bbox 830 1384 1005 1441; x_wconf 88' lang='lat' dir='ltr'><strong>opera</strong></span> <span class='ocrx_word' id='word_1_90' title='bbox 1044 1384 1273 1441; x_wconf 91' lang='lat' dir='ltr'><strong>quoque</strong></span> <span class='ocrx_word' id='word_1_91' title='bbox 1308 1363 1571 1440; x_wconf 87' lang='lat' dir='ltr'><strong>impensa</strong></span> <span class='ocrx_word' id='word_1_92' title='bbox 1607 1365 1918 1423; x_wconf 83' lang='lat' dir='ltr'><strong>eonsilium</strong></span> <span class='ocrx_word' id='word_1_93' title='bbox 1951 1366 2118 1423; x_wconf 86' lang='lat' dir='ltr'><strong>adiu-</strong></span> 
     </span>
    </p>
   </div>
   <div class='ocr_carea' id='block_1_5' title="bbox 331 1460 2228 1537">
    <p class='ocr_par' dir='ltr' id='par_1_6' title="bbox 331 1460 2228 1537">
     <span class='ocr_line' id='line_1_13' title="bbox 331 1460 2228 1537; baseline -0.001 -17"><span class='ocrx_word' id='word_1_94' title='bbox 331 1483 464 1522; x_wconf 85' lang='lat' dir='ltr'><strong>vem</strong></span> <span class='ocrx_word' id='word_1_95' title='bbox 499 1483 693 1520; x_wconf 92' lang='lat' dir='ltr'><strong>meum</strong></span> <span class='ocrx_word' id='word_1_96' title='bbox 735 1468 796 1520; x_wconf 90' lang='lat' dir='ltr'><strong>et</strong></span> <span class='ocrx_word' id='word_1_97' title='bbox 834 1460 920 1518; x_wconf 91' lang='lat' dir='ltr'><strong>rei</strong></span> <span class='ocrx_word' id='word_1_98' title='bbox 959 1467 1165 1537; x_wconf 89' lang='lat' dir='ltr'><strong>suapte</strong></span> <span class='ocrx_word' id='word_1_99' title='bbox 1203 1467 1417 1518; x_wconf 86' lang='lat' dir='ltr'><strong>natura</strong></span> <span class='ocrx_word' id='word_1_100' title='bbox 1454 1467 1650 1537; x_wconf 73' lang='lat' dir='ltr'><strong>gratae,</strong></span> <span class='ocrx_word' id='word_1_101' title='bbox 1692 1468 1976 1537; x_wconf 87' lang='lat' dir='ltr'><strong>quantam</strong></span> <span class='ocrx_word' id='word_1_102' title='bbox 2024 1464 2133 1520; x_wconf 55' lang='lat' dir='ltr'><strong>in-&lt;</strong></span> <span class='ocrx_word' id='word_1_103' title='bbox 2218 1483 2228 1492; x_wconf 67' lang='lat'><em>⁴</em></span> 
     </span>
    </p>
   </div>
   <div class='ocr_carea' id='block_1_6' title="bbox 247 1557 2212 3448">
    <p class='ocr_par' dir='ltr' id='par_1_7' title="bbox 263 1557 2138 1922">
     <span class='ocr_line' id='line_1_14' title="bbox 263 1557 2116 1636; baseline 0.002 -21"><span class='ocrx_word' id='word_1_104' title='bbox 263 1588 307 1626; x_wconf 84' lang='lat'><strong>15</strong></span> <span class='ocrx_word' id='word_1_105' title='bbox 332 1578 506 1636; x_wconf 90' lang='lat' dir='ltr'><strong>super</strong></span> <span class='ocrx_word' id='word_1_106' title='bbox 531 1560 781 1634; x_wconf 85' lang='lat' dir='ltr'><strong>gratiam</strong></span> <span class='ocrx_word' id='word_1_107' title='bbox 806 1557 1036 1635; x_wconf 89' lang='lat' dir='ltr'><strong>possim,</strong></span> <span class='ocrx_word' id='word_1_108' title='bbox 1067 1557 1389 1616; x_wconf 85' lang='lat' dir='ltr'><strong>adiiciam.”</strong></span> <span class='ocrx_word' id='word_1_109' title='bbox 1471 1557 1723 1615; x_wconf 79' lang='lat' dir='ltr'><strong>Homini</strong></span> <span class='ocrx_word' id='word_1_110' title='bbox 1754 1578 1875 1616; x_wconf 88' lang='lat' dir='ltr'><strong>non</strong></span> <span class='ocrx_word' id='word_1_111' title='bbox 1907 1560 1981 1617; x_wconf 83' lang='lat' dir='ltr'><strong>ad</strong></span> <span class='ocrx_word' id='word_1_112' title='bbox 2025 1580 2116 1618; x_wconf 87' lang='lat' dir='ltr'><strong>ce-</strong></span> 
     </span>
     <span class='ocr_line' id='line_1_15' title="bbox 330 1653 2113 1730; baseline 0.001 -18"><span class='ocrx_word' id='word_1_113' title='bbox 330 1661 458 1713; x_wconf 88' lang='lat' dir='ltr'><strong>tera</strong></span> <span class='ocrx_word' id='word_1_114' title='bbox 497 1655 719 1711; x_wconf 85' lang='lat' dir='ltr'><strong>Punica</strong></span> <span class='ocrx_word' id='word_1_115' title='bbox 758 1653 993 1729; x_wconf 83' lang='lat' dir='ltr'><strong>ingenia</strong></span> <span class='ocrx_word' id='word_1_116' title='bbox 1031 1653 1242 1711; x_wconf 88' lang='lat' dir='ltr'><strong>callido</strong></span> <span class='ocrx_word' id='word_1_117' title='bbox 1283 1659 1355 1712; x_wconf 91' lang='lat' dir='ltr'><strong>ut</strong></span> <span class='ocrx_word' id='word_1_118' title='bbox 1398 1655 1701 1730; x_wconf 83' lang='lat' dir='ltr'><strong>persuasit,</strong></span> <span class='ocrx_word' id='word_1_119' title='bbox 1746 1661 1919 1713; x_wconf 89' lang='lat' dir='ltr'><strong>nocte</strong></span> <span class='ocrx_word' id='word_1_120' title='bbox 1962 1656 2113 1714; x_wconf 88' lang='lat' dir='ltr'><strong>clam</strong></span> 
     </span>
     <span class='ocr_line' id='line_1_16' title="bbox 331 1747 2138 1825; baseline -0.002 -20"><span class='ocrx_word' id='word_1_121' title='bbox 331 1767 663 1825; x_wconf 88' lang='lat' dir='ltr'><strong>progressus</strong></span> <span class='ocrx_word' id='word_1_122' title='bbox 703 1747 777 1803; x_wconf 86' lang='lat' dir='ltr'><strong>ad</strong></span> <span class='ocrx_word' id='word_1_123' title='bbox 812 1747 1072 1803; x_wconf 87' lang='lat' dir='ltr'><strong>hostium</strong></span> <span class='ocrx_word' id='word_1_124' title='bbox 1103 1748 1398 1819; x_wconf 87' lang='lat' dir='ltr'><strong>stationes,</strong></span> <span class='ocrx_word' id='word_1_125' title='bbox 1423 1747 1726 1805; x_wconf 83' lang='lat' dir='ltr'><strong>conventis</strong></span> <span class='ocrx_word' id='word_1_126' title='bbox 1762 1749 2138 1824; x_wconf 87' lang='lat' dir='ltr'><strong>quibusdam.</strong></span> 
     </span>
     <span class='ocr_line' id='line_1_17' title="bbox 332 1840 2118 1922; baseline 0.003 -21"><span class='ocrx_word' id='word_1_127' title='bbox 332 1841 716 1901; x_wconf 80' lang='lat' dir='ltr'><strong>auxiliaribus</strong></span> <span class='ocrx_word' id='word_1_128' title='bbox 755 1840 1043 1917; x_wconf 88' lang='lat' dir='ltr'><strong>Hispanis</strong></span> <span class='ocrx_word' id='word_1_129' title='bbox 1074 1846 1135 1899; x_wconf 88' lang='lat' dir='ltr'><strong>et</strong></span> <span class='ocrx_word' id='word_1_130' title='bbox 1169 1843 1245 1899; x_wconf 91' lang='lat' dir='ltr'><strong>ab</strong></span> <span class='ocrx_word' id='word_1_131' title='bbox 1281 1842 1374 1899; x_wconf 91' lang='lat' dir='ltr'><strong>his</strong></span> <span class='ocrx_word' id='word_1_132' title='bbox 1406 1843 1481 1899; x_wconf 88' lang='lat' dir='ltr'><strong>ad</strong></span> <span class='ocrx_word' id='word_1_133' title='bbox 1509 1842 1839 1919; x_wconf 79' lang='lat' dir='ltr'><strong>Scipionem</strong></span> <span class='ocrx_word' id='word_1_134' title='bbox 1865 1847 2118 1922; x_wconf 87' lang='lat' dir='ltr'><strong>perdue-</strong></span> 
     </span>
    </p>

    <p class='ocr_par' dir='ltr' id='par_1_8' title="bbox 263 1937 2132 2208">
     <span class='ocr_line' id='line_1_18' title="bbox 263 1937 2116 2020; baseline 0.001 -19"><span class='ocrx_word' id='word_1_135' title='bbox 263 1963 308 2001; x_wconf 80' lang='lat'><strong>16</strong></span> <span class='ocrx_word' id='word_1_136' title='bbox 331 1947 445 2011; x_wconf 91' lang='lat' dir='ltr'><strong>tus,</strong></span> <span class='ocrx_word' id='word_1_137' title='bbox 489 1938 629 2016; x_wconf 87' lang='lat' dir='ltr'><strong>quid</strong></span> <span class='ocrx_word' id='word_1_138' title='bbox 655 1937 889 1996; x_wconf 85' lang='lat' dir='ltr'><strong>afferret</strong></span> <span class='ocrx_word' id='word_1_139' title='bbox 911 1938 1214 2014; x_wconf 85' lang='lat' dir='ltr'><strong>expromit,</strong></span> <span class='ocrx_word' id='word_1_140' title='bbox 1253 1946 1315 1997; x_wconf 93' lang='lat' dir='ltr'><strong>et</strong></span> <span class='ocrx_word' id='word_1_141' title='bbox 1353 1939 1468 1997; x_wconf 90' lang='lat' dir='ltr'><strong>fide</strong></span> <span class='ocrx_word' id='word_1_142' title='bbox 1504 1947 1737 2018; x_wconf 87' lang='lat' dir='ltr'><strong>accepta</strong></span> <span class='ocrx_word' id='word_1_143' title='bbox 1764 1942 2019 2020; x_wconf 82' lang='lat' dir='ltr'><strong>dataque</strong></span> <span class='ocrx_word' id='word_1_144' title='bbox 2046 1964 2116 2003; x_wconf 86' lang='lat' dir='ltr'><strong>ac</strong></span> 
     </span>
     <span class='ocr_line' id='line_1_19' title="bbox 331 2033 2132 2111; baseline 0.004 -19"><span class='ocrx_word' id='word_1_145' title='bbox 331 2035 455 2092; x_wconf 90' lang='lat' dir='ltr'><strong>loco</strong></span> <span class='ocrx_word' id='word_1_146' title='bbox 491 2040 552 2092; x_wconf 90' lang='lat' dir='ltr'><strong>et</strong></span> <span class='ocrx_word' id='word_1_147' title='bbox 591 2040 848 2109; x_wconf 88' lang='lat' dir='ltr'><strong>tempore</strong></span> <span class='ocrx_word' id='word_1_148' title='bbox 894 2034 1212 2104; x_wconf 86' lang='lat' dir='ltr'><strong>constituto</strong></span> <span class='ocrx_word' id='word_1_149' title='bbox 1250 2034 1326 2091; x_wconf 86' lang='lat' dir='ltr'><strong>ad</strong></span> <span class='ocrx_word' id='word_1_150' title='bbox 1364 2033 1591 2093; x_wconf 89' lang='lat' dir='ltr'><strong>obsides</strong></span> <span class='ocrx_word' id='word_1_151' title='bbox 1634 2037 1987 2111; x_wconf 81' lang='lat' dir='ltr'><strong>tradendos,·</strong></span> <span class='ocrx_word' id='word_1_152' title='bbox 2013 2039 2132 2100; x_wconf 81' lang='lat' dir='ltr'><strong>Sa·.</strong></span> 
     </span>
     <span class='ocr_line' id='line_1_20' title="bbox 330 2127 2116 2208; baseline 0.004 -23"><span class='ocrx_word' id='word_1_153' title='bbox 330 2135 581 2205; x_wconf 87' lang='lat' dir='ltr'><strong>guntum</strong></span> <span class='ocrx_word' id='word_1_154' title='bbox 632 2127 801 2187; x_wconf 88' lang='lat' dir='ltr'><strong>redit.</strong></span> <span class='ocrx_word' id='word_1_155' title='bbox 912 2127 1088 2186; x_wconf 90' lang='lat' dir='ltr'><strong>Diem</strong></span> <span class='ocrx_word' id='word_1_156' title='bbox 1140 2128 1545 2206; x_wconf 86' lang='lat' dir='ltr'><strong>insequentem</strong></span> <span class='ocrx_word' id='word_1_157' title='bbox 1598 2131 1923 2208; x_wconf 87' lang='lat' dir='ltr'><strong>absumpsit</strong></span> <span class='ocrx_word' id='word_1_158' title='bbox 1975 2153 2116 2192; x_wconf 89' lang='lat' dir='ltr'><strong>cum</strong></span> 
     </span>
    </p>

    <p class='ocr_par' dir='ltr' id='par_1_9' title="bbox 262 2223 2118 2588">
     <span class='ocr_line' id='line_1_21' title="bbox 262 2223 2117 2304; baseline 0.003 -22"><span class='ocrx_word' id='word_1_159' title='bbox 262 2246 304 2282; x_wconf 74' lang='lat'><strong>¹⁷</strong></span> <span class='ocrx_word' id='word_1_160' title='bbox 332 2226 574 2284; x_wconf 87' lang='lat' dir='ltr'><strong>Bostare</strong></span> <span class='ocrx_word' id='word_1_161' title='bbox 613 2223 904 2283; x_wconf 87' lang='lat' dir='ltr'><strong>mandatis</strong></span> <span class='ocrx_word' id='word_1_162' title='bbox 943 2225 1018 2284; x_wconf 84' lang='lat' dir='ltr'><strong>ad</strong></span> <span class='ocrx_word' id='word_1_163' title='bbox 1057 2245 1182 2284; x_wconf 91' lang='lat' dir='ltr'><strong>rem</strong></span> <span class='ocrx_word' id='word_1_164' title='bbox 1228 2226 1511 2301; x_wconf 88' lang='lat' dir='ltr'><strong>agendam</strong></span> <span class='ocrx_word' id='word_1_165' title='bbox 1554 2227 1919 2304; x_wconf 82' lang='lat' dir='ltr'><strong>accipiendis.</strong></span> <span class='ocrx_word' id='word_1_166' title='bbox 2008 2229 2117 2287; x_wconf 88' lang='lat' dir='ltr'><strong>Di-</strong></span> 
     </span>
     <span class='ocr_line' id='line_1_22' title="bbox 331 2318 2117 2394; baseline 0.003 -20"><span class='ocrx_word' id='word_1_167' title='bbox 331 2318 554 2390; x_wconf 74' lang='lat' dir='ltr'><strong>missuS,</strong></span> <span class='ocrx_word' id='word_1_168' title='bbox 601 2337 781 2394; x_wconf 91' lang='lat' dir='ltr'><strong>quum</strong></span> <span class='ocrx_word' id='word_1_169' title='bbox 823 2337 885 2376; x_wconf 90' lang='lat' dir='ltr'><strong>se</strong></span> <span class='ocrx_word' id='word_1_170' title='bbox 921 2323 1094 2376; x_wconf 88' lang='lat' dir='ltr'><strong>nocte</strong></span> <span class='ocrx_word' id='word_1_171' title='bbox 1132 2318 1378 2386; x_wconf 88' lang='lat' dir='ltr'><strong>iturum,</strong></span> <span class='ocrx_word' id='word_1_172' title='bbox 1413 2324 1485 2376; x_wconf 91' lang='lat' dir='ltr'><strong>ut</strong></span> <span class='ocrx_word' id='word_1_173' title='bbox 1520 2320 1811 2378; x_wconf 87' lang='lat' dir='ltr'><strong>custodias</strong></span> <span class='ocrx_word' id='word_1_174' title='bbox 1849 2321 2117 2380; x_wconf 88' lang='lat' dir='ltr'><strong>hostium</strong></span> 
     </span>
     <span class='ocr_line' id='line_1_23' title="bbox 328 2411 2116 2488; baseline 0.003 -18"><span class='ocrx_word' id='word_1_175' title='bbox 328 2412 572 2483; x_wconf 79' lang='lat' dir='ltr'><strong>falleret,</strong></span> <span class='ocrx_word' id='word_1_176' title='bbox 620 2411 1031 2484; x_wconf 87' lang='lat' dir='ltr'><strong>constituisset,</strong></span> <span class='ocrx_word' id='word_1_177' title='bbox 1086 2412 1161 2469; x_wconf 88' lang='lat' dir='ltr'><strong>ad</strong></span> <span class='ocrx_word' id='word_1_178' title='bbox 1203 2412 1581 2488; x_wconf 83' lang='lat' dir='ltr'><strong>compositam</strong></span> <span class='ocrx_word' id='word_1_179' title='bbox 1619 2432 1752 2471; x_wconf 89' lang='lat' dir='ltr'><strong>cum</strong></span> <span class='ocrx_word' id='word_1_180' title='bbox 1788 2415 1864 2472; x_wconf 88' lang='lat' dir='ltr'><strong>iis</strong></span> <span class='ocrx_word' id='word_1_181' title='bbox 1904 2416 2116 2475; x_wconf 88' lang='lat' dir='ltr'><strong>horam</strong></span> 
     </span>
     <span class='ocr_line' id='line_1_24' title="bbox 329 2507 2118 2588; baseline 0.003 -22"><span class='ocrx_word' id='word_1_182' title='bbox 329 2507 596 2566; x_wconf 84' lang='lat' dir='ltr'><strong>excitatis</strong></span> <span class='ocrx_word' id='word_1_183' title='bbox 623 2507 957 2566; x_wconf 88' lang='lat' dir='ltr'><strong>custodibus</strong></span> <span class='ocrx_word' id='word_1_184' title='bbox 981 2527 1294 2584; x_wconf 89' lang='lat' dir='ltr'><strong>puerorum</strong></span> <span class='ocrx_word' id='word_1_185' title='bbox 1319 2509 1626 2584; x_wconf 88' lang='lat' dir='ltr'><strong>profectus,</strong></span> <span class='ocrx_word' id='word_1_186' title='bbox 1655 2512 1844 2568; x_wconf 88' lang='lat' dir='ltr'><strong>veluti</strong></span> <span class='ocrx_word' id='word_1_187' title='bbox 1871 2512 2118 2588; x_wconf 84' lang='lat' dir='ltr'><strong>ignarus</strong></span> 
     </span>
    </p>

    <p class='ocr_par' dir='ltr' id='par_1_10' title="bbox 259 2604 2121 2966">
     <span class='ocr_line' id='line_1_25' title="bbox 259 2604 2120 2679; baseline 0.006 -22"><span class='ocrx_word' id='word_1_188' title='bbox 259 2620 304 2659; x_wconf 83' lang='lat'><strong>18</strong></span> <span class='ocrx_word' id='word_1_189' title='bbox 329 2604 394 2661; x_wconf 91' lang='lat' dir='ltr'><strong>in</strong></span> <span class='ocrx_word' id='word_1_190' title='bbox 438 2607 786 2679; x_wconf 69' lang='lat' dir='ltr'><strong>praeparatas</strong></span> <span class='ocrx_word' id='word_1_191' title='bbox 833 2621 940 2660; x_wconf 89' lang='lat' dir='ltr'><strong>sua</strong></span> <span class='ocrx_word' id='word_1_192' title='bbox 992 2604 1200 2662; x_wconf 86' lang='lat' dir='ltr'><strong>fraude</strong></span> <span class='ocrx_word' id='word_1_193' title='bbox 1240 2604 1485 2662; x_wconf 86' lang='lat' dir='ltr'><strong>insidias</strong></span> <span class='ocrx_word' id='word_1_194' title='bbox 1532 2606 1708 2667; x_wconf 89' lang='lat' dir='ltr'><strong>ducit.</strong></span> <span class='ocrx_word' id='word_1_195' title='bbox 1792 2606 1874 2665; x_wconf 90' lang='lat' dir='ltr'><strong>In</strong></span> <span class='ocrx_word' id='word_1_196' title='bbox 1919 2617 2120 2669; x_wconf 78' lang='lat' dir='ltr'><strong>castra</strong></span> 
     </span>
     <span class='ocr_line' id='line_1_26' title="bbox 330 2698 2120 2774; baseline 0.003 -17"><span class='ocrx_word' id='word_1_197' title='bbox 330 2698 597 2757; x_wconf 86' lang='lat' dir='ltr'><strong>Romana</strong></span> <span class='ocrx_word' id='word_1_198' title='bbox 634 2698 897 2774; x_wconf 88' lang='lat' dir='ltr'><strong>perducti</strong></span> <span class='ocrx_word' id='word_1_199' title='bbox 917 2718 936 2772; x_wconf 81' lang='lat'>3</span> <span class='ocrx_word' id='word_1_200' title='bbox 977 2705 1167 2757; x_wconf 85' lang='lat' dir='ltr'><strong>cetera</strong></span> <span class='ocrx_word' id='word_1_201' title='bbox 1205 2700 1403 2758; x_wconf 80' lang='lat' dir='ltr'><strong>omnia</strong></span> <span class='ocrx_word' id='word_1_202' title='bbox 1441 2700 1513 2758; x_wconf 89' lang='lat' dir='ltr'><strong>de</strong></span> <span class='ocrx_word' id='word_1_203' title='bbox 1549 2701 1860 2761; x_wconf 83' lang='lat' dir='ltr'><strong>reddendis</strong></span> <span class='ocrx_word' id='word_1_204' title='bbox 1896 2705 2120 2763; x_wconf 84' lang='lat' dir='ltr'><strong>obsidi-</strong></span> 
     </span>
     <span class='ocr_line' id='line_1_27' title="bbox 331 2791 2121 2876; baseline 0.005 -26"><span class='ocrx_word' id='word_1_205' title='bbox 331 2794 454 2866; x_wconf 87' lang='lat' dir='ltr'><strong>bus,</strong></span> <span class='ocrx_word' id='word_1_206' title='bbox 504 2791 657 2850; x_wconf 87' lang='lat' dir='ltr'><strong>sicut</strong></span> <span class='ocrx_word' id='word_1_207' title='bbox 703 2811 837 2850; x_wconf 87' lang='lat' dir='ltr'><strong>cum</strong></span> <span class='ocrx_word' id='word_1_208' title='bbox 892 2792 1137 2852; x_wconf 85' lang='lat' dir='ltr'><strong>Bostare</strong></span> <span class='ocrx_word' id='word_1_209' title='bbox 1190 2796 1575 2853; x_wconf 88' lang='lat' dir='ltr'><strong>constitutum</strong></span> <span class='ocrx_word' id='word_1_210' title='bbox 1629 2803 1770 2869; x_wconf 69' lang='lat' dir='ltr'><strong>erat,</strong></span> <span class='ocrx_word' id='word_1_211' title='bbox 1827 2804 1963 2856; x_wconf 81' lang='lat' dir='ltr'><strong>aeta</strong></span> <span class='ocrx_word' id='word_1_212' title='bbox 2006 2820 2121 2876; x_wconf 89' lang='lat' dir='ltr'><strong>per</strong></span> 
     </span>
     <span class='ocr_line' id='line_1_28' title="bbox 331 2888 2120 2966; baseline 0.003 -18"><span class='ocrx_word' id='word_1_213' title='bbox 331 2888 586 2948; x_wconf 87' lang='lat' dir='ltr'><strong>eundum</strong></span> <span class='ocrx_word' id='word_1_214' title='bbox 640 2888 920 2962; x_wconf 87' lang='lat' dir='ltr'><strong>ordinem,</strong></span> <span class='ocrx_word' id='word_1_215' title='bbox 970 2908 1087 2966; x_wconf 90' lang='lat' dir='ltr'><strong>quo</strong></span> <span class='ocrx_word' id='word_1_216' title='bbox 1139 2890 1194 2947; x_wconf 91' lang='lat' dir='ltr'><strong>si</strong></span> <span class='ocrx_word' id='word_1_217' title='bbox 1248 2889 1819 2966; x_wconf 82' lang='lat' dir='ltr'><strong>Carthaginiensium</strong></span> <span class='ocrx_word' id='word_1_218' title='bbox 1871 2896 2120 2955; x_wconf 87' lang='lat' dir='ltr'><strong>nomine</strong></span> 
     </span>
    </p>

    <p class='ocr_par' dir='ltr' id='par_1_11' title="bbox 255 2983 2212 3355">
     <span class='ocr_line' id='line_1_29' title="bbox 255 2983 2122 3067; baseline 0.003 -21"><span class='ocrx_word' id='word_1_219' title='bbox 255 3007 303 3047; x_wconf 70' lang='grc' dir='ltr'><strong>ι9</strong></span> <span class='ocrx_word' id='word_1_220' title='bbox 329 2986 410 3044; x_wconf 89' lang='lat' dir='ltr'><strong>sic</strong></span> <span class='ocrx_word' id='word_1_221' title='bbox 462 2991 748 3063; x_wconf 85' lang='lat' dir='ltr'><strong>ageretur.</strong></span> <span class='ocrx_word' id='word_1_222' title='bbox 859 2983 1057 3043; x_wconf 87' lang='lat' dir='ltr'><strong>Maior</strong></span> <span class='ocrx_word' id='word_1_223' title='bbox 1107 2985 1412 3062; x_wconf 88' lang='lat' dir='ltr'><strong>aliquanto</strong></span> <span class='ocrx_word' id='word_1_224' title='bbox 1464 2986 1866 3047; x_wconf 87' lang='lat' dir='ltr'><strong>Romanorum</strong></span> <span class='ocrx_word' id='word_1_225' title='bbox 1919 2993 2122 3067; x_wconf 76' lang='lat' dir='ltr'><strong>gratia.</strong></span> 
     </span>
     <span class='ocr_line' id='line_1_30' title="bbox 325 3079 2212 3162; baseline 0.003 -24"><span class='ocrx_word' id='word_1_226' title='bbox 325 3080 443 3138; x_wconf 86' lang='lat' dir='ltr'><strong>fuit</strong></span> <span class='ocrx_word' id='word_1_227' title='bbox 467 3081 533 3142; x_wconf 87' lang='lat' dir='ltr'><strong>in</strong></span> <span class='ocrx_word' id='word_1_228' title='bbox 560 3100 622 3162; x_wconf 83' lang='lat' dir='ltr'><strong>re</strong></span> <span class='ocrx_word' id='word_1_229' title='bbox 657 3079 801 3157; x_wconf 90' lang='lat' dir='ltr'><strong>pari,</strong></span> <span class='ocrx_word' id='word_1_230' title='bbox 832 3098 1006 3156; x_wconf 86' lang='lat' dir='ltr'><strong>quam</strong></span> <span class='ocrx_word' id='word_1_231' title='bbox 1040 3085 1265 3155; x_wconf 85' lang='lat' dir='ltr'><strong>quanta</strong></span> <span class='ocrx_word' id='word_1_232' title='bbox 1293 3080 1498 3137; x_wconf 84' lang='lat' dir='ltr'><strong>futura</strong></span> <span class='ocrx_word' id='word_1_233' title='bbox 1534 3080 2121 3159; x_wconf 77' lang='lat' dir='ltr'><strong>Carthaginiensium</strong></span> <span class='ocrx_word' id='word_1_234' title='bbox 2202 3119 2212 3126; x_wconf 88' lang='lat'><em>-</em></span> 
     </span>
     <span class='ocr_line' id='line_1_31' title="bbox 325 3175 2123 3252; baseline 0.003 -19"><span class='ocrx_word' id='word_1_235' title='bbox 325 3177 529 3235; x_wconf 87' lang='lat' dir='ltr'><strong>fuerat.</strong></span> <span class='ocrx_word' id='word_1_236' title='bbox 624 3176 767 3234; x_wconf 93' lang='lat' dir='ltr'><strong>Illos</strong></span> <span class='ocrx_word' id='word_1_237' title='bbox 809 3175 969 3233; x_wconf 91' lang='lat' dir='ltr'><strong>enim</strong></span> <span class='ocrx_word' id='word_1_238' title='bbox 1012 3194 1218 3251; x_wconf 85' lang='lat' dir='ltr'><strong>graves</strong></span> <span class='ocrx_word' id='word_1_239' title='bbox 1259 3177 1645 3252; x_wconf 80' lang='lat' dir='ltr'><strong>superbosque</strong></span> <span class='ocrx_word' id='word_1_240' title='bbox 1684 3176 1750 3234; x_wconf 90' lang='lat' dir='ltr'><strong>in</strong></span> <span class='ocrx_word' id='word_1_241' title='bbox 1797 3179 1974 3237; x_wconf 88' lang='lat' dir='ltr'><strong>rebus</strong></span> <span class='ocrx_word' id='word_1_242' title='bbox 2029 3200 2123 3239; x_wconf 83' lang='lat' dir='ltr'><strong>se-</strong></span> 
     </span>
     <span class='ocr_line' id='line_1_32' title="bbox 325 3270 2122 3355; baseline 0.003 -26"><span class='ocrx_word' id='word_1_243' title='bbox 325 3271 529 3329; x_wconf 88' lang='lat' dir='ltr'><strong>cundis</strong></span> <span class='ocrx_word' id='word_1_244' title='bbox 568 3277 835 3348; x_wconf 82' lang='lat' dir='ltr'><strong>expertos</strong></span> <span class='ocrx_word' id='word_1_245' title='bbox 866 3271 1103 3329; x_wconf 84' lang='lat' dir='ltr'><strong>fortuna</strong></span> <span class='ocrx_word' id='word_1_246' title='bbox 1141 3278 1203 3329; x_wconf 87' lang='lat' dir='ltr'><strong>et</strong></span> <span class='ocrx_word' id='word_1_247' title='bbox 1240 3270 1419 3329; x_wconf 88' lang='lat' dir='ltr'><strong>timor</strong></span> <span class='ocrx_word' id='word_1_248' title='bbox 1453 3272 1752 3347; x_wconf 75' lang='lat' dir='ltr'><strong>mitigasse</strong></span> <span class='ocrx_word' id='word_1_249' title='bbox 1786 3275 1981 3334; x_wconf 80' lang='lat' dir='ltr'><strong>videri</strong></span> <span class='ocrx_word' id='word_1_250' title='bbox 2014 3298 2122 3355; x_wconf 86' lang='lat' dir='ltr'><strong>po-</strong></span> 
     </span>
    </p>

    <p class='ocr_par' dir='ltr' id='par_1_12' title="bbox 247 3367 2123 3448">
     <span class='ocr_line' id='line_1_33' title="bbox 247 3367 2123 3448; baseline 0.004 -20"><span class='ocrx_word' id='word_1_251' title='bbox 247 3391 297 3420; x_wconf 77' lang='lat'><strong>20</strong></span> <span class='ocrx_word' id='word_1_252' title='bbox 323 3375 514 3442; x_wconf 85' lang='lat' dir='ltr'><strong>terat3</strong></span> <span class='ocrx_word' id='word_1_253' title='bbox 556 3368 856 3427; x_wconf 85' lang='lat' dir='ltr'><strong>Romanus</strong></span> <span class='ocrx_word' id='word_1_254' title='bbox 895 3368 1084 3445; x_wconf 89' lang='lat' dir='ltr'><strong>primo</strong></span> <span class='ocrx_word' id='word_1_255' title='bbox 1121 3369 1397 3441; x_wconf 81' lang='lat' dir='ltr'><strong>adventu,</strong></span> <span class='ocrx_word' id='word_1_256' title='bbox 1448 3367 1783 3445; x_wconf 87' lang='lat' dir='ltr'><strong>incognitus</strong></span> <span class='ocrx_word' id='word_1_257' title='bbox 1829 3379 1987 3448; x_wconf 81' lang='lat' dir='ltr'><strong>ante,</strong></span> <span class='ocrx_word' id='word_1_258' title='bbox 2037 3378 2123 3437; x_wconf 85' lang='lat' dir='ltr'><strong>ab</strong></span> 
     </span>
    </p>
   </div>
  </div>
 </body>
</html>
