2375 3842
317 221 433 281 114
1093 223 1324 284 LIVII

267 394 291 422 2
314 367 514 444 plebis.
598 367 661 427 O.
693 368 968 427 Terentio
993 369 1273 444 Varroni,
1306 388 1480 449 quem
1519 370 1613 429 sui
1650 371 1880 448 generis
1917 371 2101 430 homi-

314 483 469 539 nem,
533 464 692 542 plebi
759 465 1142 526 insectatione
1210 468 1543 545 principum
1610 469 2101 547 popularibusque

317 557 544 616 artibus
586 560 977 634 conciliatum,
1005 563 1079 620 ab
1113 561 1181 632 Q.
1224 561 1395 619 Fabii
1434 562 1644 639 opibus
1690 570 1752 621 et
1796 563 2102 620 dictatorio

314 653 559 730 imperio
600 675 877 716 concusso
922 658 1114 715 aliena
1158 657 1386 716 invidia
1427 658 1846 734 splendentem,
1888 658 2103 735 vulgus

316 749 622 809 extrahere
657 753 734 810 ad
767 753 1134 811 consulatum
1172 752 1489 826 nitebatur,
1519 760 1716 830 patres
1741 773 1970 812 summa
1994 771 2104 830 ope

315 848 643 922 obstabant,
684 868 764 908 110
807 869 869 908 80
915 850 1254 908 insectando
1297 850 1411 910 sibi
1449 850 1669 927 aequari
1705 856 2104 909 assuescerent

269 962 293 1000 3
316 944 591 1008 homines.
677 946 747 1017 Q.
779 946 1014 1005 Baebius
1051 946 1394 1005 Herennius
1432 947 1707 1005 tribunus
1744 948 1949 1024 plebis,
1978 966 2102 1023 cog-

320 1061 560 1102 mscontent
570 1073 724 1110 among
760 1049 944 1124 natus,
981 1043 1043 1102 O.
1076 1043 1356 1116 Terentii,
1386 1043 1747 1102 criminando
1785 1063 1907 1102 non
1946 1063 2107 1101 sena-

206 1133 214 1139 -
317 1109 389 1147 the
425 1108 550 1147 lower
581 1109 723 1149 orders
1349 1140 1362 1153 .
2036 1140 2049 1153 .

317 1154 354 1193 ιι
378 1154 560 1194 rostered
581 1155 636 1202 by
652 1156 721 1194 the
759 1146 891 1199 tum
921 1142 1110 1215 modo,
1140 1140 1243 1198 sed
1283 1146 1462 1198 etiam
1500 1160 1766 1216 augures,
1796 1142 1953 1217 quod
1993 1141 2106 1197 dic-

316 1199 480 1295 Qu
560 1200 720 1241 Heren-
756 1244 1007 1296 tatorem
1052 1236 1491 1314 prohibuissent
1535 1237 1773 1296 comitia
1809 1238 2101 1314 perficere,

315 1355 422 1413 per
464 1335 752 1395 invidiam
794 1354 996 1393 eorum
1035 1336 1294 1392 favorem
1338 1333 1649 1392 candidato
1693 1353 1800 1392 suo
1842 1333 2107 1391 concilia-

269 1458 292 1495 4
320 1432 452 1491 bat:
479 1430 581 1489 Ab
608 1430 944 1488 hominibus
969 1430 1280 1501 nobilibus,
1306 1448 1410 1506 per
1434 1430 1651 1488 multos
1676 1449 1860 1488 annos
1885 1429 2108 1488 bellum

318 1528 729 1604 quaerentibus,
779 1526 1179 1584 Hannibalem
1226 1528 1293 1583 in
1339 1526 1577 1586 Italiam
1624 1526 1978 1602 adductumj,
2032 1529 2107 1584 ab

317 1623 541 1699 iisdem,
590 1642 775 1700 quum
826 1622 1103 1680 debellari
1155 1624 1357 1699 possit,
1404 1623 1611 1681 fraude
1662 1624 1883 1683 bellum
1928 1625 2104 1683 trahi.

272 1748 295 1784 5
322 1716 520 1786 Quum
573 1722 853 1793 quattuor
917 1716 1246 1793 legionibus
1300 1717 1589 1776 universis
1640 1720 1892 1795 pugnari
1942 1740 2109 1797 posse

321 1809 679 1885 apparuisset
720 1829 804 1881 e0,
836 1811 991 1886 quod
1028 1810 1112 1870 M.
1138 1809 1439 1869 Minucius
1462 1814 1703 1872 absente
1738 1814 1922 1874 Fabio
1952 1836 2109 1894 pros-

274 1920 299 1958 6
320 1924 457 1982 pere
482 1911 811 1981 pugnasset,
842 1907 988 1963 duas
1012 1906 1285 1983 legiones,
1314 1907 1472 1965 hosti
1496 1909 1573 1966 ad
1598 1909 1809 1968 caedem
1837 1910 2103 1985 obiectas,

321 2001 530 2060 deinde
582 2021 661 2060 ex
712 2001 839 2079 ipsa
892 2003 1044 2061 caede
1090 2010 1335 2080 ereptas,
1379 2010 1450 2062 ut
1496 2011 1663 2082 pater
1710 2013 2109 2084 patronusque

321 2098 728 2178 appellaretur,
764 2100 868 2176 qui
905 2101 1069 2176 prius
1106 2101 1341 2159 vincere
1379 2101 1773 2177 prohibuisset
1814 2104 2109 2163 Romanos

273 2220 297 2259 7
320 2216 496 2273 quam
524 2196 696 2255 vinci.
784 2196 1064 2255 Consules
1089 2197 1300 2256 deinde
1337 2198 1614 2258 Fabianis
1648 2202 1892 2274 artibus,
1922 2222 2107 2280 quum

321 2292 608 2351 debellare
660 2299 911 2370 possent,
969 2294 1189 2351 bellum
1241 2295 1507 2356 traxisse.
1593 2297 1671 2354 Id
1721 2298 1907 2356 foedus
1952 2299 2112 2358 inter

319 2409 520 2451 omnes
562 2390 786 2449 nobiles
832 2390 1031 2462 ictum,
1061 2410 1169 2448 nec
1211 2391 1388 2448 finem
1429 2398 1568 2450 ante
1604 2393 1747 2451 belli
1785 2395 2107 2467 habituros,

320 2505 496 2562 quam
522 2486 814 2544 consulem
841 2505 978 2543 vere
1004 2486 1313 2562 plebeium,
1343 2487 1406 2544 id
1432 2494 1539 2562 est,
1568 2489 1863 2548 hominem
1887 2511 2111 2550 novum

272 2600 297 2639 s
320 2583 628 2655 fecissent3
676 2602 813 2640 nam
859 2583 1114 2659 plebeios
1161 2575 1387 2641 nobiles
1432 2583 1553 2642 iam
1591 2585 1808 2644 eisdem
1847 2587 2112 2646 initiatos

320 2698 446 2740 esse
471 2678 648 2737 sacris
687 2684 749 2740 et
788 2684 1156 2737 contemnere
1194 2679 1439 2755 plebem,
1469 2699 1545 2738 ex
1584 2700 1700 2758 quo
1740 2686 2034 2743 contemni
2073 2705 2114 2743 a

272 2812 299 2852 9
320 2775 589 2852 patribus
653 2776 950 2847 desierint,
1006 2775 1259 2853 coepisse.
1347 2776 1461 2834 Cui
1526 2796 1648 2835 non
1700 2798 1995 2856 apparere,
2047 2771 2115 2839 id

321 2878 521 2934 actum
561 2877 624 2930 et
663 2872 974 2949 quaesitum
1018 2891 1157 2946 esse,
1195 2878 1266 2930 ut
1308 2873 1712 2949 interregnum
1746 2876 2013 2952 iniretur,
2043 2884 2115 2935 ut

253 3002 301 3028 ιο
321 2972 388 3030 111
445 2974 682 3048 patrum
750 2974 1038 3045 potestate
1104 2968 1344 3027 comitia
1398 2970 1631 3028 essent?
1709 2970 1787 3028 Id
1851 2974 2117 3033 consules

321 3067 522 3128 ambos
548 3065 626 3124 ad
652 3066 972 3123 exercitum
998 3066 1279 3123 morando
1306 3066 1577 3142 quaesisse
1585 3085 1605 3139 3
1643 3067 1707 3124 id
1733 3075 1948 3143 postea,
1976 3071 2120 3147 quia

321 3163 529 3222 invitis
566 3163 641 3220 iis
679 3163 931 3220 dictator
972 3167 1125 3220 esset
1165 3162 1360 3220 dictus
1401 3162 1769 3221 comitiorum
1812 3184 1997 3238 causa,
2021 3187 2121 3225 ex-

323 3265 648 3337 pugnatum
675 3278 816 3332 esse,
844 3264 916 3318 ut
949 3258 1201 3317 vitiosus
1232 3258 1486 3318 dictator
1517 3278 1623 3336 per
1657 3280 1907 3337 augures
1930 3263 2114 3322 fieret.

253 3388 298 3416 ιι
326 3356 564 3415 Η81)01·0
616 3355 803 3431 igitur
866 3354 1268 3433 interregnum
1322 3375 1455 3429 eos3
1515 3357 1879 3415 consulatum
1932 3379 2122 3418 unum
