2375 3842
349 230 423 289 18
1000 276 1009 282 .
1124 233 1357 306 LJVJJ

296 396 322 436 ⁶
346 376 666 452 sexaginta,
723 377 938 436 celoces
990 378 1310 437 duodecim.
1398 380 1546 438 Cum
1600 379 1694 438 his
1752 381 2136 441 terrestribus·

347 472 773 550 maritimisque
796 474 978 552 copiis
1002 474 1088 534 Ti.
1121 476 1497 552 Sempronius
1523 477 1733 535 missus
1758 472 1824 534 in
1850 476 2128 550 Siciliam,

347 569 435 627 ita
469 570 539 628 in
574 569 842 629 Africam
881 574 1344 647 transmissurus,
1389 573 1444 632 si
1481 574 1558 631 ad
1597 574 1910 637 arcendum
1953 572 2134 634 Italia

299 687 324 726 ⁷
350 666 598 727 Poenum
660 668 865 726 consul
929 668 1080 729 alter
1142 668 1287 728 satis
1351 675 1519 729 esset.
1604 669 1873 739 Cornelio
1935 671 2134 729 minus

347 763 646 841 copiarum
670 765 889 838 datum,
919 766 1061 842 quia
1086 765 1153 824 L.
1185 765 1450 827 Manlius
1483 773 1698 843 praetor
1737 772 1798 825 et
1835 767 1960 843 ipse
1998 786 2133 827 cum

301 874 326 912 8
349 860 507 920 haud
531 861 793 919 invalido
818 862 1087 938 praesidio
1111 863 1178 920 in
1206 861 1458 921 Galliam
1474 863 1819 923 mittebatur
1830 884 1847 936 3
1889 863 2133 920 navium

354 958 608 1016 maxime
636 957 907 1017 Cornelio
932 978 1213 1017 numerus
1238 961 1572 1018 deminutus
1581 980 1600 1033 ς
1640 960 1943 1036 sexaginta
1969 959 2135 1037 quin·

352 1074 651 1131 queremes
704 1057 856 1139 datae
901 1054 1111 1134 (neque
1158 1058 1316 1115 enim
1366 1056 1518 1115 mari
1557 1063 1874 1116 venturum
1917 1065 2023 1116 aut
2064 1077 2137 1115 ea

352 1158 518 1228 parte
569 1152 712 1210 belli
763 1153 1178 1211 dimicaturum
1230 1153 1459 1210 hostem
1511 1151 1843 1232 credebant)
1892 1160 1954 1214 et
2005 1153 2137 1212 duae

353 1250 633 1308 Romame
658 1250 914 1326 legiones
938 1269 1071 1309 cum
1097 1269 1204 1308 suo
1238 1250 1394 1308 iusto
1430 1250 1700 1327 equitatu
1739 1256 1800 1308 et
1838 1256 2139 1328 quattuor-

353 1346 538 1404 decim
564 1347 823 1406 millibus
850 1347 1135 1405 sociorum
1170 1347 1450 1424 peditum,
1489 1348 1784 1424 equitibus
1816 1347 1978 1406 mille
2012 1367 2139 1405 sex-

301 1471 330 1510 9
354 1445 554 1503 centis.
638 1444 806 1502 Duas
830 1445 1087 1521 legiones
1113 1445 1414 1502 Romanas
1440 1450 1502 1501 et
1527 1444 1723 1502 decem
1749 1445 1938 1504 millia
1962 1445 2139 1503 socio*

354 1561 485 1600 rum
512 1542 795 1619 peditum,
824 1543 988 1600 mille
1013 1543 1240 1619 equites
1271 1543 1466 1614 sociOS,
1506 1548 1809 1600 sexcentos
1841 1543 2138 1600 Romanos

355 1638 548 1699 Gallia
563 1638 861 1714 provincia
879 1639 1079 1696 eodem
1095 1658 1265 1697 versa
1279 1640 1342 1696 in
1360 1639 1651 1697 Punicum
1670 1640 1891 1698 bellum
1910 1639 2131 1698 habuit.

254 1746 328 1804 18
473 1734 595 1793 His
636 1735 725 1792 ita
770 1735 1134 1812 comparatis,
1185 1742 1256 1793 ut
1297 1737 1495 1794 omnia
1534 1737 1691 1794 iusta
1736 1742 1876 1794 ante
1919 1736 2136 1795 bellum

354 1850 552 1892 Asooond
563 1851 751 1900 emtam
789 1833 1013 1906 fierent,
1041 1832 1262 1908 legatos
1292 1832 1538 1891 maiores
1575 1839 1738 1905 natu,
1769 1833 1838 1904 Q.
1870 1832 2133 1903 Fabium,

352 1899 752 1992 mmm
791 1927 878 1989 M.
923 1927 1178 2001 Livium,
1227 1928 1295 1988 L.
1341 1928 1671 2001 AEmffium,
1717 1928 1779 1985 O.
1826 1927 2133 1999 minium,

358 2023 427 2094 Q.
461 2022 742 2098 Baebium,
771 2025 837 2082 in
862 2025 1130 2083 Africam
1156 2025 1409 2084 mittunt
1439 2025 1516 2082 ad
1547 2024 1968 2102 percontandos
2004 2024 2140 2083 Car-

354 2121 762 2197 thaginienses,
808 2122 1119 2199 publicone
1171 2123 1415 2180 consilio
1457 2121 1764 2179 Hannibal
1809 2120 2139 2196 Saguntum

304 2248 328 2275 2
354 2225 756 2296 oppugnasset,
788 2225 863 2291 et,
894 2220 958 2292 si,
988 2218 1049 2279 id
1078 2221 1234 2296 quod
1259 2218 1475 2278 facturi
1500 2217 1866 2289 videbantur,
1889 2217 2139 2275 fateren-

352 2323 455 2375 tur
486 2335 553 2375 ac
587 2316 968 2375 defenderent
1002 2317 1237 2393 publico
1275 2316 1519 2374 consilio
1551 2316 1789 2387 factum,
1827 2320 1897 2372 ut
1929 2300 2141 2373 indice-

304 2436 330 2475 3
353 2421 487 2474 rent
510 2416 726 2493 populo
754 2414 1222 2490 Carthaginiensi
1246 2415 1482 2471 bellum.
1553 2412 1811 2470 Romani
1834 2418 2138 2488 postquam

354 2513 767 2590 Carthaginem
793 2518 1096 2583 venerunt,
1127 2528 1310 2586 quum
1337 2515 1574 2567 senatus
1600 2509 1774 2567 datus
1800 2516 1953 2566 esset
1978 2512 2040 2565 et
2067 2506 2134 2574 Q.

355 2610 572 2670 Fabius
598 2609 748 2667 nihil
776 2607 935 2664 ultra
969 2624 1145 2682 quam
1181 2625 1384 2677 unum,
1430 2605 1587 2681 quod
1620 2606 1964 2663 mandatum
1996 2609 2136 2673 erat,

353 2711 727 2783 percontatus
780 2710 947 2774 esset,
1003 2707 1134 2759 tum
1186 2720 1264 2760 ex
1317 2701 1896 2777 Carthaginiensibus
1960 2716 2139 2757 unus:

303 2837 328 2875 ⁴
359 2803 670 2876 “Praeceps
702 2804 915 2872 vestra,
947 2797 1220 2870 Romani,
1251 2801 1313 2856 et
1345 2800 1508 2875 prior
1543 2797 1758 2874 legatio
1796 2796 1928 2867 fuit,
1959 2813 2140 2871 quum
2175 2876 2178 2877 ⁷

258 2968 259 2971 Ἴ
356 2895 758 2957 Hannibalem
798 2900 1080 2972 tanquam
1128 2913 1236 2952 suo
1278 2894 1521 2953 consilio
1561 2894 1890 2969 Saguntum
1929 2900 2143 2967 oppug-

211 2966 268 3051 3
354 2974 597 3054 nantem
623 2992 1013 3069 deposcebatis
1024 3010 1044 3064 ;
1082 2996 1343 3050 ceterum
1368 2993 1491 3050 haec
1509 2989 1723 3065 legatio
1739 2986 1934 3045 verbis
1954 2986 2142 3044 adhuc

260 3100 281 3147 c
309 3112 335 3153 ε
355 3090 545 3149 lenior
569 3095 675 3163 est,
704 3107 769 3147 re
801 3089 1076 3166 asperior.
1109 3074 1129 3167 Ι
1158 3088 1325 3147 Tunc
1364 3087 1522 3145 enim
1562 3083 1870 3142 Hannibal
1910 3088 1972 3141 et
2007 3082 2143 3139 insi-

356 3188 694 3249 mulabatur
719 3192 781 3244 et
806 3185 1225 3263 deposcebatur
1235 3205 1255 3259 ς,
1295 3203 1455 3242 nunc
1479 3182 1556 3240 ab
1581 3180 1751 3238 nobis
1771 3186 1839 3239 et
1864 3178 2144 3238 confessio

359 3286 545 3363 culpae
567 3281 923 3381 exprimitur
947 3288 1010 3341 et
1036 3288 1108 3343 ut
1139 3300 1176 3339 a
1207 3278 1483 3338 confessis
1520 3295 1614 3336 res
1654 3275 1950 3353 extemplo
1988 3293 2146 3352 repe-

309 3398 337 3440 ⁶
360 3389 587 3445 tuntur.
669 3381 799 3458 Ego
824 3386 1039 3440 ‘autem
1086 3397 1228 3455 non,
1271 3375 1504 3455 privato
1548 3370 1858 3453 publicone
1904 3370 2145 3433 consilio
