2375 3842
308 238 385 298 52
945 281 952 287 -
1086 234 1323 301 LIVH

310 372 469 463 sunt,
505 385 612 463 qui
648 384 828 443 biduo
866 385 974 442 vix
1004 385 1198 443 locum
1236 389 1364 443 rate
1385 385 1696 462 iungendo
1734 385 1967 443 flumini
2001 378 2091 444 in·

307 486 553 538 ventum
577 479 858 554 tradunt3
897 498 968 537 ea
991 498 1127 539 cum
1152 479 1410 557 Magone
1434 479 1659 556 equites
1686 476 2089 557 Hispanorum

259 590 285 630 ⁷
311 575 610 651 expeditos
656 574 996 658 praemissos.
1080 574 1245 632 Dum
1296 574 1619 647 Hannibal,
1672 575 1826 632 circa
1871 575 2092 634 flumen
2136 560 2142 567 ⁵

309 671 698 748 legationibus
735 670 1039 729 Gallorum
1074 670 1385 728 audiendis
1409 675 1691 742 moratus,
1719 670 1943 729 traiicit
1967 690 2092 748 gra-

308 767 443 824 vius
489 766 758 843 peditum
810 786 1035 843 agmen,
1089 767 1330 826 interim
1383 767 1566 843 Mago
1619 766 1962 843 equitesque
2015 768 2091 825 ab

309 863 564 922 transitu
608 863 868 921 fluminis
920 864 1038 921 diei
1087 864 1269 921 unius
1319 863 1532 922 itinere
1597 863 1960 921 Placentiam
2016 862 2093 922 ad

260 977 285 1016 8
311 998 498 1040 followed
519 999 577 1050 by
592 1001 709 1041 nan-
747 960 943 1018 hostes
962 959 1339 1018 contendunt.
1414 959 1721 1018 Hannibal
1740 960 1941 1036 paucis
1960 966 2094 1037 post

311 1045 436 1095 'mm’
752 1057 957 1116 diebus
993 1077 1099 1115 sex
1124 1057 1313 1114 millia
1338 1076 1374 1114 a
1400 1056 1705 1115 Placentia
1730 1063 1920 1115 castra
1945 1077 2095 1116 com·

310 1152 585 1227 munivit,
616 1158 677 1211 et
714 1159 947 1230 postero
987 1153 1081 1210 die
1115 1154 1182 1210 in
1213 1158 1528 1230 conspectu
1562 1153 1821 1211 hostium
1857 1154 1979 1213 acie
2010 1154 2094 1213 di·

310 1251 471 1304 recta
495 1253 843 1323 potestatem
867 1267 1078 1325 pugnae
1103 1248 1257 1306 fecit.
1921 1272 1924 1275 Α

206 1335 284 1396 48
429 1341 775 1421 Insequenti
798 1350 970 1402 nocte
988 1344 1170 1402 caedes
1196 1343 1263 1401 in
1288 1343 1491 1402 castris
1506 1343 1806 1417 Romanis,
1827 1345 2098 1428 'tumultu-

309 1444 507 1497 tamen
532 1460 710 1518 quam
735 1461 800 1499 re
825 1441 1027 1514 maior,
1055 1441 1131 1499 ab
1163 1441 1549 1499 auxiliaribus
1576 1440 1766 1500 Gallis
1800 1443 1957 1500 facta
1984 1448 2088 1501 est.

262 1546 285 1572 ²
309 1556 401 1597 who
445 1567 607 1598 semron
649 1558 706 1607 by
744 1537 848 1594 Ad
874 1538 989 1594 duo
1010 1536 1197 1594 millia
1214 1537 1480 1613 peditum
1505 1542 1568 1595 et
1593 1537 1831 1596 ducenti
1850 1540 2093 1615 equites,

309 1603 522 1652 treachery
533 1605 603 1644 the
618 1615 705 1644 ma·

309 1649 710 1735 fflwffiemffli
747 1633 1025 1708 vigilibus
1057 1632 1135 1690 ad
1166 1637 1366 1708 portas
1395 1632 1723 1705 trucidatis,
1756 1633 1832 1691 ad
1865 1634 2096 1691 Hanni-

311 1739 500 1779 nomm
509 1741 713 1788 mueth-
751 1729 941 1787 balem
964 1728 1366 1806 transfugiunt
1376 1747 1397 1801 3
1430 1747 1577 1807 quos
1604 1729 1826 1799 Poenus,
1845 1730 2096 1807 benigne

311 1784 632 1871 ffitfflffimp
657 1795 712 1824 ω’
750 1824 1039 1883 allocutus
1081 1830 1144 1883 et
1180 1844 1284 1902 spe
1317 1825 1648 1903 ingentium
1683 1827 1968 1884 donorum
2005 1845 2097 1884 ao-

313 1939 511 1980 oensos
526 1921 602 1979 2in
627 1921 896 1980 civitates
919 1941 1212 2000 quemque
1233 1940 1371 1980 suas
1394 1923 1472 1980 ad
1490 1922 1887 1981 sollicitandos
1912 1941 2094 2000 popu-

264 2026 289 2064 ³
312 2017 526 2075 larium
577 2017 802 2076 animos
848 2018 1088 2076 dimisit.
1193 2018 1388 2096 Scipio
1430 2019 1647 2076 caedem
1687 2037 1818 2077 eam
1863 2021 2095 2096 signum

314 2114 653 2173 defectionis
684 2114 947 2172 omnium
973 2114 1277 2177 Gallorum
1308 2134 1431 2173 esse
1466 2120 1648 2188 ratus,
1687 2121 2096 2193 contactosque

312 2230 384 2271 eo
427 2211 640 2270 scelere
682 2212 851 2270 velut
891 2210 1107 2270 iniecta
1144 2212 1307 2269 rabie
1347 2211 1425 2269 ad
1469 2230 1635 2269 arma
1669 2211 1875 2286 ituros,
1917 2231 2097 2288 quan·

263 2320 288 2356 ⁴
313 2328 489 2387 quam
524 2309 722 2385 gravis
755 2308 949 2367 adhuc
971 2308 1218 2366 vulnere
1254 2312 1399 2380 erat,
1429 2313 1628 2366 tamen
1655 2316 1869 2385 quarta
1892 2308 2099 2385 vigilia

312 2406 502 2464 noctis
525 2405 889 2483 insequentis
914 2405 1097 2463 tacito
1132 2405 1365 2481 agmine
1390 2405 1699 2480 profectus,
1725 2405 1803 2463 ad
1827 2405 2097 2464 Trebiam

313 2502 564 2560 fluvium
588 2503 709 2560 iam
734 2501 801 2560 in
820 2502 947 2560 loca
966 2500 1177 2560 altiora
1191 2500 1479 2577 collesque
1495 2501 1891 2578 impeditiores
1909 2500 2098 2580 equiti

266 2617 289 2655 ⁵
315 2604 505 2657 eastra
530 2604 744 2658 movet.
828 2598 1035 2657 Minus
1067 2617 1246 2674 quam
1279 2598 1355 2655 ad
1379 2597 1646 2656 Ticinum
1674 2598 1887 2663 fefellit
1897 2619 1917 2672 ;
1965 2598 2100 2656 mis·

317 2696 509 2772 sisque
536 2694 844 2752 Hannibal
880 2694 1137 2771 primum
1171 2693 1471 2768 Numidis,
1501 2694 1713 2754 deinde
1746 2694 1908 2753 omni
1938 2693 2097 2771 equi-

317 2799 468 2863 tatu,
494 2793 791 2849 turbasset
815 2791 1024 2868 utique
1047 2790 1433 2849 novissimum
1469 2810 1695 2868 agmen,
1724 2791 1791 2848 ni
1814 2790 2099 2849 aviditate

317 2889 524 2965 praedae
547 2888 615 2946 in
638 2906 823 2946 vacua
861 2886 1129 2946 Romana
1165 2893 1355 2946 castra
1381 2887 1657 2945 Numidae
1691 2887 2091 2945 devertissent.

266 3005 292 3044 ⁶
316 2986 415 3044 Ibi
468 2985 609 3043 dum
660 2990 1090 3062 perscrutantes
1143 2983 1271 3041 loca
1321 2984 1519 3042 omnia
1560 2988 1881 3041 castrorum
1932 2984 2099 3043 nullo

316 3082 460 3142 nafis
484 3082 662 3159 digno
697 3101 873 3140 morse
907 3082 1099 3158 pretio
1128 3086 1363 3158 tempus
1396 3085 1616 3151 terunt,
1646 3079 1889 3138 emissus
1914 3080 2099 3138 hostis

317 3185 410 3239 eet
448 3179 524 3238 de
558 3179 865 3255 manibu83
906 3184 967 3237 et
1006 3197 1189 3255 quum
1229 3178 1349 3236 iam
1394 3183 1783 3255 transgressos
1830 3175 2099 3236 Trebiam

316 3276 612 3336 Romanos
668 3281 1073 3352 metantesque
1128 3280 1321 3332 castla
1378 3274 1830 3352 conspexissent,
1885 3292 2099 3351 paucos

265 3394 294 3439 ²
315 3378 674 3434 moratorum
697 3372 1035 3433 occiderunt
1060 3371 1207 3430 eitra
1225 3370 1447 3430 flumen
1471 3371 1839 3450 interceptos.
1885 3370 2093 3449 Scipio,
