2375 3842
876 221 1139 285 LIBER
1190 215 1404 286 XXII.
1924 220 2038 282 12⁷

245 375 561 435 stationem
589 392 820 453 quoque
847 394 952 453 pro
979 374 1136 432 vallo
1167 372 1417 432 locatam
1452 377 1630 449 atque
1668 369 1823 448 ipsas
1862 388 2041 447 prope

244 471 446 550 portas
472 471 664 530 evecti
690 476 846 532 sunt.
931 471 1008 530 Id
1037 490 1176 530 vero
1203 469 1345 528 adeo
1379 468 1690 545 indignum
1726 467 1936 539 visum,
1966 468 2040 524 ab
2065 489 2091 527 4

246 566 635 627 tumultuario
661 566 885 626 auxilio
910 568 1044 625 iam·
1062 567 1245 624 etiam
1279 570 1471 624 eastra
1509 564 1780 622 Romana
1812 563 2036 634 terreri,

247 671 321 723 ut
348 684 417 724 ea
442 665 615 723 modo
648 684 771 724 una
805 684 994 737 eausa,
1024 683 1099 722 ne
1136 662 1435 739 extemplo
1467 662 1790 719 transirent
1823 660 2042 718 fiumen

247 762 683 839 dirigerentque
721 761 922 832 aciem,
963 758 1225 817 tenuerit
1264 757 1581 823 Romanos,
1617 755 1776 831 quod
1814 774 2044 813 summa

249 857 484 935 imperii
521 877 591 916 eo
630 856 728 916 die
764 874 943 933 penes
980 854 1237 914 Paulum
1277 853 1474 914 fuerit.
1559 852 1775 930 Itaque
1812 858 2042 931 postero
2068 873 2092 913 s

251 956 346 1014 die
371 955 584 1029 Varro,
614 954 711 1013 oui
737 973 860 1012 sors
887 954 1012 1012 eius
1037 953 1157 1011 diei
1186 950 1423 1030 imperii
1458 956 1601 1020 erat,
1643 990 1727 1030 aad
1747 990 1883 1029 vm
1907 990 2045 1030 ,mm

249 1052 404 1112 nihil
444 1052 710 1112 consulto
753 1051 974 1128 collega
1019 1051 1253 1127 signum
1300 1048 1604 1127 proposuit
1642 1048 1700 1078 ⁰¹¹
1715 1037 1884 1086 ‘'³⁰⁸¹''ss
1900 1038 2030 1077 ΜΨ

251 1148 681 1225 instructasque
715 1148 908 1224 copias
944 1146 1166 1204 fiumen
1204 1144 1491 1216 traduxit,
1521 1149 1800 1221 sequente
1835 1140 2042 1215 Paulo,

252 1242 394 1319 quia
418 1243 606 1319 magis
630 1261 753 1300 non
777 1242 1024 1320 probare
1060 1260 1240 1318 quam
1264 1260 1386 1299 non
1422 1240 1702 1300 adiuvare
1736 1237 2046 1297 eonsilium

253 1343 501 1415 poterat.
585 1339 952 1415 Transgressi
981 1338 1199 1397 flumen
1239 1356 1335 1396 eas
1371 1357 1616 1416 quoque,
1647 1355 1793 1415 quas
1828 1337 1897 1395 in
1931 1354 2046 1393 oas-
2071 1348 2097 1388 ⁶

251 1436 366 1495 tris
389 1435 712 1494 minoribus
738 1436 1082 1506 habuerant,
1110 1435 1304 1511 copias
1340 1436 1463 1493 suis
1503 1434 1836 1511 adiungunt
1870 1438 2047 1509 atque

252 1533 341 1592 ita
365 1531 672 1590 instruunt
697 1532 915 1594 aciem:
956 1533 1022 1590 in
1057 1533 1267 1590 dextro
1303 1551 1487 1590 cornu
1534 1530 1621 1611 (id
1657 1536 1783 1590 erat
1815 1527 2050 1589 flumini

253 1626 519 1705 propius)
547 1627 847 1686 Romanos
886 1628 1114 1705 equites
1152 1628 1367 1700 locant,
1404 1628 1615 1686 deinde
1654 1626 1916 1705 pedites;
1954 1626 2047 1684 lae-
2073 1652 2097 1692 7

254 1744 401 1783 vum
426 1744 607 1785 oornu
632 1727 882 1784 extremi
909 1726 1137 1802 equites
1168 1725 1476 1798 sociorum,
1507 1726 1666 1784 intra
1702 1724 1942 1803 pedites,
1971 1723 2047 1782 ad

147 1876 152 1881 .
255 1820 516 1878 medium
555 1820 745 1879 iuneti
783 1820 1113 1898 legionibus
1153 1821 1457 1896 Romanis,
1498 1826 1858 1894 tenuerunt;
1896 1820 2049 1878 iaou·

256 1916 472 1976 latores
517 1937 652 1976 oum
699 1919 907 1977 ceteris
956 1918 1176 1977 levium
1224 1938 1522 1982 armorum
1574 1919 1814 1977 auxiliis
1859 1917 2050 1994 prima

256 2014 410 2073 acies
434 2014 604 2076 facta.
664 2015 946 2074 Consules
965 2035 1184 2074 cornua
1208 2022 1471 2088 tenuere,
1488 2017 1797 2075 Terentius
1816 2015 2045 2086 laevum,
2074 2041 2099 2080 a

259 2110 546 2170 AEmilius
611 2111 926 2187 dextrumj,
1001 2111 1254 2170 Gemino
1307 2111 1558 2171 Servilio
1607 2110 1802 2169 media
1852 2128 2050 2187 pugna

259 2206 481 2263 tuenda
520 2205 672 2263 data.

382 2300 690 2358 Hannibal
716 2300 846 2360 luce
870 2302 1076 2377 prima,
1105 2300 1441 2358 Baliaribus
1466 2300 1699 2376 levique
1725 2298 1843 2360 alia
1867 2317 2050 2357 arma-
2073 2305 2151 2365 46

258 2403 399 2458 tura
449 2398 761 2474 praemissa,
807 2403 1201 2475 transgressus
1254 2396 1492 2467 fiumen,
1539 2401 1612 2453 ut
1649 2435 1716 2475 for
1737 2435 1866 2474 ,Μώ
1891 2434 2051 2475 Hm,

259 2512 521 2571 quosque
563 2494 922 2567 traduxerat,
964 2494 1053 2552 ita
1092 2494 1159 2552 in
1199 2493 1322 2551 aoie
1360 2492 1606 2567 locabat,
1647 2481 1717 2521 ¹²⁸¹
1731 2482 1767 2523 ²⁸
1784 2481 1995 2532 mm

262 2590 464 2649 Gallos
490 2588 908 2667 Hispanosque
931 2589 1159 2668 equites
1186 2607 1366 2666 prope
1390 2589 1580 2667 ripam
1606 2590 1752 2651 loevo
1776 2590 1840 2648 in
1868 2608 2049 2648 cornu
2076 2622 2100 2650 2

261 2685 542 2742 adversus
568 2684 904 2742 Romanum
931 2685 1299 2761 equitatum3
1333 2684 1608 2743 dextrum
1633 2705 1815 2744 oornu
1841 2686 2051 2746 Numi·
2073 2720 2097 2757 3

261 2781 354 2839 dis
384 2781 680 2858 equitibus
716 2781 937 2854 datum,
968 2781 1162 2839 media
1196 2781 1319 2841 acie
1355 2782 1653 2860 peditibus
1686 2782 1934 2854 firmata,
1965 2783 2052 2839 ita

260 2884 334 2936 ut
358 2880 643 2937 Afrorum
670 2885 919 2955 utraque
944 2896 1161 2935 oornua
1189 2884 1396 2950 essent,
1418 2869 1933 2956 interponerentur
1956 2878 2052 2935 his

262 2974 444 3032 medii
483 2974 642 3033 Galli
681 2981 861 3051 atque
900 2974 1176 3051 Hispani.
1258 2975 1442 3034 Afros
1476 2975 1806 3033 Romanam
1841 2993 2053 3051 magna
2076 3012 2101 3047 4

261 3089 340 3128 ex
363 3075 532 3146 parte
557 3073 819 3131 crederes
844 3072 1028 3130 aciem
1034 3092 1053 3146 3
1093 3071 1181 3129 ita
1207 3072 1421 3130 armati
1455 3077 1626 3130 erant
1660 3070 1839 3129 armis
1879 3076 1941 3129 et
1975 3071 2051 3129 ad

262 3165 549 3244 Trebiam,
593 3175 852 3226 ceterum
891 3188 1104 3246 magna
1140 3188 1219 3228 ex
1256 3175 1426 3247 parte
1465 3168 1543 3227 ad
1587 3168 2052 3226 Trasumennum

264 3247 509 3346 capt-‚iss
554 3262 741 3322 Gallis
767 3264 1171 3341 Hispanisque
1206 3272 1375 3324 scuta
1407 3264 1666 3323 eiusdem
1700 3264 1898 3324 formae
1931 3264 2052 3323 fere
2077 3287 2101 3326 ⁵

264 3363 450 3430 erant,
481 3358 739 3436 dispares
770 3379 837 3419 ao
873 3361 1183 3422 dissimiles
1220 3360 1416 3439 gladii,
1448 3360 1636 3421 Gallis
1670 3361 1952 3439 praelongi
1985 3380 2052 3422 ac
