2375 3842
879 211 1139 298 LIBER
1191 237 1402 298 XXII.
1932 238 2045 297 143

259 388 365 466 qui
400 385 700 463 hospitum
736 404 982 444 numero
1020 384 1282 464 captivos
1321 383 1571 445 habuit?
1654 384 1761 443 An
1801 383 2048 443 barbaro

257 502 326 540 ac
353 481 550 556 Poeno‚
580 482 684 559 qni
708 487 912 540 utrum
937 483 1171 542 avarior
1206 502 1286 540 an
1321 481 1610 541 crudelior
1644 482 1740 556 sit,
1768 482 1874 541 vix
1902 483 2049 541 exis·

257 576 459 635 timari
495 580 727 656 potestl
806 577 874 637 Si
910 578 1163 638 videatis
1204 582 1455 652 catenas,
1486 577 1828 656 squalorem,
1864 579 2049 637 defor-
2078 607 2125 646 ις

258 677 528 735 mitatem
554 676 775 735 civium
801 682 1151 752 vestrorum,
1180 696 1305 735 non
1330 675 1528 735 minus
1563 676 1821 755 profecto
1846 696 1953 736 vos
1979 697 2048 735 ea

258 773 478 849 species
503 777 754 845 moveat,
773 792 951 851 quam
977 773 1031 832 si
1051 793 1127 832 ex
1152 773 1339 832 altera
1364 779 1533 850 parte
1558 774 1809 832 cernatis
1834 780 2049 833 stratas

260 869 664 928 Cannensibus
690 870 908 947 campis
933 869 1189 946 legiones
1215 875 1457 929 vestras.
1509 886 1514 892 ·
1539 869 1775 929 Intueri
1804 872 2046 949 potestis
2077 893 2123 931 16

256 965 710 1026 sollicitudinem
736 972 797 1025 et
821 966 1090 1026 lacrimas
1126 967 1194 1024 in
1219 966 1512 1025 vestibulo
1548 967 1723 1025 curiae
1759 967 2046 1026 stantium

256 1070 633 1140 cognatorum
677 1069 1014 1122 nostrorum
1065 1063 1650 1141 exspectantiumque
1709 1082 2045 1142 responsum

259 1166 537 1222 vestrum.
623 1159 823 1231 Quum
861 1161 909 1219 ii
946 1180 1052 1238 pro
1083 1162 1255 1219 nobis
1289 1179 1511 1239 proque
1545 1161 1638 1235 iis,
1665 1161 1771 1238 qui
1811 1161 2044 1236 absunt,

257 1255 345 1314 ita
370 1256 636 1333 suspensi
661 1276 728 1316 ac
754 1256 993 1316 solliciti
1017 1258 1156 1331 sint,
1186 1276 1362 1334 quem
1396 1256 1644 1316 censetis
1668 1256 1935 1316 animum
1960 1258 2045 1335 ip·

255 1372 455 1410 sorum
485 1371 623 1425 esse,
654 1371 904 1429 quorum
928 1354 995 1412 in
1020 1354 1355 1412 discrimine
1379 1353 1509 1413 vita
1533 1353 1891 1431 libertasque
1918 1358 2041 1415 est?

259 1448 340 1520 Si,
365 1447 783 1524 mediusfidius,
810 1449 935 1527 ipse
960 1450 1027 1507 in
1052 1470 1161 1509 nos
1186 1451 1352 1509 mitis
1377 1450 1687 1509 Hannibal
1713 1457 1918 1510 contra
1946 1471 2037 1511 na-
2073 1482 2122 1519 17

258 1551 454 1603 turam
480 1565 646 1604 suam
673 1566 795 1605 esse
822 1548 983 1621 velit,
1012 1537 1165 1605 nihil
1189 1553 1391 1605 tamen
1409 1548 1580 1605 nobis
1598 1548 1727 1607 vita
1745 1567 1893 1625 opus
1919 1569 2043 1608 esse

257 1639 611 1717 censeamusJ
655 1662 839 1719 quum
884 1642 1116 1721 indigni
1158 1649 1232 1702 ut
1276 1643 1695 1703 redimeremur
1747 1640 1832 1727 [a]
1878 1644 2047 1703 vobis

256 1738 370 1797 visi
385 1739 581 1802 simus.
643 1740 896 1827 Rediere
916 1740 1171 1799 Romam
1189 1740 1487 1819 quondam
1504 1740 1735 1800 remissi
1760 1761 1797 1801 a
1816 1741 2044 1819 Pyrrho
2073 1747 2128 1802 ιε’

255 1837 383 1895 sine
407 1838 596 1916 pretio
631 1838 827 1915 capti3
870 1838 973 1897 sed
1004 1838 1228 1897 rediere
1264 1858 1399 1897 cum
1436 1838 1663 1917 legatis,
1692 1838 2045 1918 primoribus

256 1933 530 2009 civitatis,
558 1934 635 1994 ad
673 1936 1042 1994 redimendos
1081 1955 1207 1995 sese
1244 1935 1455 1996 missis.
1540 1935 1803 1995 Redeam
1843 1956 1948 2014 ego
1978 1937 2045 1995 in

255 2031 507 2107 patriam
531 2032 810 2091 trecentis
833 2031 1093 2090 nummis
1117 2052 1241 2091 non
1265 2033 1590 2092 aestimatus
1613 2032 1800 2092 civis?
1857 2033 2045 2092 Suum

257 2129 500 2205 quisque
524 2128 688 2188 habet
713 2129 995 2202 animum,
1024 2135 1221 2206 patres
1247 2128 1578 2207 conscripti,
1662 2129 1814 2201 Scio,
1840 2130 1907 2188 in
1933 2130 2045 2188 dis-
2073 2137 2120 2196 &9

257 2223 500 2282 crimine
513 2242 635 2282 esse
649 2224 837 2282 vitam
854 2243 1177 2301 corpusque
1193 2242 1392 2282 meum
1402 2245 1421 2298 3
1449 2223 1637 2300 magis
1652 2244 1747 2282 me
1764 2223 1935 2283 famae
1950 2246 2045 2303 pe-

256 2318 511 2377 riculum
537 2326 750 2395 movet,
777 2340 853 2379 ne
879 2339 917 2377 a
936 2321 1103 2378 vobis
1123 2321 1390 2378 damnati
1415 2339 1483 2377 ac
1501 2319 1723 2396 repulsi
1741 2320 2013 2379 abeamus
2025 2340 2044 2393 3

257 2434 448 2492 neque
474 2416 632 2475 enim
658 2436 764 2476 vos
788 2417 979 2495 pretio
1005 2418 1328 2495 pepercisse
1355 2416 1620 2475 homines
1648 2416 2100 2515 credent>

379 2511 507 2571 Ubi
545 2511 599 2571 is
629 2514 808 2571 finem
842 2514 998 2586 fecit,
1029 2513 1325 2590 extemplo
1364 2512 1440 2571 ab
1475 2532 1545 2585 ea
1577 2515 1771 2586 turba,
1812 2533 1943 2592 quae
1980 2516 2046 2572 in
2073 2522 2149 2582 60

259 2609 497 2668 comitio
538 2615 682 2685 erat,
731 2611 951 2668 elamor
995 2610 1207 2669 flebilis
1262 2615 1354 2668 est
1405 2610 1686 2683 sublatus,
1724 2630 2046 2688 manusque

258 2704 335 2761 ad
376 2703 600 2762 curiam
638 2704 958 2764 tendebant
998 2712 1249 2779 orantes,
1290 2711 1363 2763 ut
1402 2704 1518 2764 sibi
1553 2705 1782 2780 liberos,
1817 2706 2043 2780 fratres,

260 2807 536 2877 cognatos
558 2802 884 2863 redderent.
969 2801 1247 2860 Feminas
1282 2821 1512 2881 quoque
1548 2808 1740 2862 metus
1765 2822 1832 2862 ac
1858 2822 2048 2864 neces-
2075 2840 2098 2865 η

260 2896 403 2964 sitas
428 2896 495 2953 in
519 2896 646 2956 foro
666 2898 856 2956 turbae
875 2897 1137 2956 virorum
1162 2897 1572 2956 immiscuerat.
1626 2897 1878 2957 Senatus
1898 2916 2049 2955 sum-

259 2994 436 3052 motis
477 2995 717 3053 arbitris
765 2995 990 3053 consuli
1036 3000 1274 3072 coeptus.
1374 2995 1472 3053 Ibi
1513 3013 1696 3072 quum
1743 2994 2049 3053 sententiis
2074 3025 2098 3062 3

261 3090 604 3167 variaretur,
637 3098 699 3151 et
737 3091 843 3149 alii
880 3091 1248 3151 redimendos
1284 3092 1359 3150 de
1392 3092 1644 3170 publico,
1684 3077 1787 3150 alii
1824 3090 2050 3149 nullam
2199 3061 2211 3110 ί

262 3187 493 3262 publice
530 3188 853 3266 impensam
886 3189 1215 3249 faciendam
1256 3208 1365 3247 nec
1397 3187 1789 3267 prohibendos
1822 3206 1900 3245 ex
1933 3188 2050 3267 pri-

263 3288 403 3339 vato
426 3284 673 3359 redimi3
712 3285 766 3344 si
790 3286 1003 3363 quibus
1028 3292 1343 3364 argentum
1372 3286 1439 3343 in
1474 3283 1785 3362 praesentia
1809 3284 2047 3359 deesset,
2075 3317 2101 3356 ⁴

264 3378 515 3439 dandam
551 3400 628 3438 ex
663 3383 866 3442 aerario
901 3383 1211 3459 pecuniam
1246 3390 1513 3440 mutuam
1544 3367 1951 3461 praedibusque
1986 3402 2053 3439 ac
