2375 3842
296 224 373 291 το
1074 226 1304 292 JJVH
1400 210 1405 232 ³

245 394 270 431 ο
301 372 558 435 Arimini
605 362 831 436 adesset
873 374 939 434 in
979 377 1202 438 castris,
1288 360 1412 436 Hic
1470 370 1536 433 in
1593 368 1897 452 provincia
1949 390 2081 430 con·

296 470 554 532 sulatum
605 473 756 532 inire
809 474 1116 532 consilium
1168 479 1298 533 erat
1349 474 1594 532 memori
1642 478 1914 530 veterum
1964 490 2081 529 cor·

295 571 587 629 taminum
626 566 763 628 cu'm
789 571 1071 647 patribus,
1122 590 1253 648 quae
1295 571 1570 629 tribunus
1611 568 1799 647 plebis
1844 572 1908 627 et
1949 586 2079 645 quae

247 692 271 731 3
295 669 497 744 postea
522 665 723 724 consul
749 667 912 742 prius
934 662 1006 724 de
1034 667 1360 738 consulatu,
1384 665 1489 741 qui
1514 660 1919 739 abrogabatur,
1942 660 2081 718 dein
2167 652 2172 657 ’

296 762 370 822 de
401 762 704 839 triumpho
748 763 1052 836 habuerat,
1081 764 1310 821 invisus
1350 764 1530 822 etiam
1564 761 1831 838 patribus
1871 760 1947 817 ob
1981 778 2081 817 no-

295 874 434 916 vam
456 857 659 934 legem,
687 876 865 934 quam
902 858 974 928 Q.
1004 858 1289 916 Claudius
1320 858 1596 916 tribunus
1621 854 1808 932 plebis
1835 855 2080 911 adverso

296 959 503 1012 senatu
519 959 697 1031 atque
712 973 833 1013 uno
845 961 1082 1030 patrum
1096 955 1415 1012 adiuvante
1443 952 1507 1014 C.
1520 951 1816 1010 Flaminio
1840 949 2076 1022 tulerat,

295 1068 372 1108 ne
390 1049 524 1127 quis
549 1055 796 1124 senator,
827 1052 994 1109 cuive
1022 1056 1259 1110 senator
1283 1058 1451 1128 pater
1474 1050 1701 1122 fuisset,
1724 1049 2080 1107 maritimam

294 1164 504 1204 navem
508 1189 524 1219 ,
545 1164 676 1222 quae
703 1145 838 1224 plus
863 1166 1042 1224 quam
1060 1152 1459 1204 trecentarum
1477 1127 1890 1225 amphorarum
1908 1150 2076 1217 esset,

245 1273 269 1309 ⁴
293 1241 551 1300 haberet.
634 1240 711 1301 Id
753 1242 897 1300 satis
939 1242 1209 1301 habitum
1252 1243 1329 1300 ad
1367 1243 1598 1300 fructus
1640 1260 1716 1299 ex
1758 1241 1913 1317 agris
1954 1260 2079 1299 vec-

253 1348 259 1352 ’
296 1337 539 1410 tandos3
578 1344 837 1415 quaestus
862 1340 1053 1398 omnis
1071 1340 1345 1416 patribus
1371 1338 1680 1396 indecorus
1704 1336 1884 1396 visus.
1955 1336 2078 1394 Res

294 1450 401 1511 per
424 1452 712 1492 summam
738 1435 1174 1494 contentionem
1207 1441 1338 1493 acta
1372 1432 1661 1493 invidiam
1691 1432 1848 1509 apud
1874 1433 2080 1490 nobili-

294 1535 480 1587 tatem
524 1529 751 1587 suasori
795 1530 943 1606 legis
990 1530 1303 1602 Flaminio,
1346 1530 1606 1587 favorem
1647 1528 1807 1604 apud
1847 1527 2076 1604 plebem

244 1644 267 1681 s
295 1646 369 1686 10st
393 1647 528 1686 Rome
552 1645 691 1686 before
731 1627 1098 1703 alterumque
1123 1626 1263 1684 inde
1289 1626 1654 1684 consulatum
1683 1625 1924 1702 peperit.
1984 1625 2077 1682 Ob
2117 1649 2123 1655 ·

296 1694 348 1733 he
359 1692 550 1739 formalis
560 1696 692 1731 enter·
1281 1722 1295 1735 .
1335 1722 1371 1735 ..
1650 1721 1663 1734 .
1787 1722 1800 1735 .
1997 1721 2009 1733 .

251 1744 256 1749 ·
295 1739 346 1778 od
371 1749 484 1786 upon
508 1738 622 1777 office
648 1741 693 1776 to
731 1724 855 1781 hoec
900 1729 1081 1795 ratus,
1131 1741 1405 1798 auspicus
1450 1722 1835 1780 ementiendis
1877 1720 2077 1778 Latm-

294 1784 622 1878 fflgpomme
632 1783 694 1822 m·
731 1839 1016 1896 arumque
1051 1819 1330 1878 feriarum
1368 1838 1534 1877 mora
1574 1826 1635 1878 et
1674 1817 2075 1876 consularibus

295 1919 429 1978 aliis
490 1917 925 1995 impedimentis
977 1922 1312 1975 retenturos
1363 1936 1425 1975 se
1478 1917 1545 1974 in
1596 1917 1742 1975 urbe
1801 1914 2075 1974 simulato

246 2028 272 2067 6
295 2016 507 2087 itinere
552 2016 820 2093 privatus
852 2013 1019 2072 clam
1071 2015 1136 2071 in
1179 2014 1538 2091 provinciam
1594 2014 1756 2074 abiit.
1841 2012 1931 2071 Ea
1983 2032 2077 2071 res

296 2112 401 2170 ubi
441 2111 635 2189 palam
669 2111 825 2170 facta
854 2116 960 2182 est,
993 2129 1208 2168 novam
1239 2111 1479 2187 insuper
1512 2110 1662 2168 iram
1697 2109 1926 2168 infestis
1955 2107 2077 2167 iam

296 2215 434 2267 ante
466 2208 737 2285 patribus
771 2206 996 2264 movit:
1038 2225 1160 2264 non
1185 2226 1322 2265 cum
1353 2212 1564 2264 senatu
1603 2205 1790 2277 mod0,
1819 2204 1922 2263 sed
1955 2205 2077 2263 iam

296 2325 430 2364 cum
468 2305 584 2364 diis
621 2303 1051 2362 immortalibus
1093 2303 1155 2361 C.
1197 2302 1559 2360 Flaminium
1597 2302 1817 2362 bellum
1857 2323 2070 2381 gerere.

247 2423 271 2462 7
297 2401 610 2460 Consulem
652 2405 792 2457 ante
843 2398 1209 2474 inauspicato
1261 2396 1483 2454 factum
1538 2397 1946 2455 revocantibus
1999 2415 2077 2455 ex

294 2499 423 2577 ipsa
447 2497 570 2556 acie
596 2497 711 2554 diis
737 2502 916 2572 atque
935 2494 1273 2552 hominibus
1298 2511 1420 2551 non
1442 2492 1704 2569 paruisse
1711 2513 1730 2567 3
1762 2512 1921 2552 nunc
1946 2513 2078 2552 con·

231 2618 241 2637 ι
297 2595 541 2656 scientia
579 2599 909 2672 spretorum
943 2597 1005 2649 et
1047 2591 1405 2668 Capitolium
1439 2597 1502 2648 et
1539 2591 1879 2649 sollemnem
1916 2596 2079 2651 voto-

247 2713 272 2752 a
297 2714 431 2752 rum
468 2692 965 2769 nuncupationem
1002 2690 1237 2765 fugisse,
1270 2708 1348 2747 ne
1387 2690 1482 2747 die
1521 2690 1662 2748 initi
1697 2690 2079 2767 magistratus

297 2789 461 2848 Iovis
497 2786 707 2864 optimi
740 2785 987 2843 maximi
1017 2786 1304 2861 templum
1339 2785 1547 2858 adiret,
1575 2804 1651 2843 ne
1686 2792 1959 2845 senatum
1992 2789 2079 2845 in-

296 2886 461 2944 visus
499 2883 624 2960 ipse
663 2887 726 2940 et
765 2881 877 2939 sibi
904 2880 1011 2938 uni
1049 2881 1310 2938 invisum
1349 2881 1578 2939 videret
1615 2883 2074 2962 consuleretque,

297 3001 375 3041 ne
399 2980 644 3039 Latinas
676 2978 962 3036 indiceret
989 2975 1240 3053 Iovique
1272 2975 1500 3034 Latiari
1533 2976 1813 3036 sollemne
1848 2998 2079 3039 sacrum

247 3099 275 3139 9
298 3078 365 3137 in
387 3083 590 3137 monte
623 3077 854 3147 faceret,
882 3092 957 3132 ne
984 3074 1285 3150 auspicato
1309 3075 1604 3149 profectus
1629 3075 1696 3131 in
1724 3062 2080 3151 Capitolium

297 3174 374 3233 ad
419 3178 561 3231 vota
612 3170 1021 3248 nuncupanda,
1067 3170 1383 3248 paludatus
1425 3170 1565 3227 inde
1604 3189 1739 3227 cum
1773 3169 2080 3229 lictoribus

264 3307 276 3324 .
299 3271 366 3328 in
402 3266 763 3345 provinciam
801 3267 934 3328 iret.
1018 3266 1182 3324 Lixae
1216 3266 1389 3323 modo
1424 3264 1553 3322 sine
1578 3264 1923 3342 insignibus,
1951 3266 2080 3324 sine

300 3364 605 3426 lictoribus
631 3363 955 3442 profectum
980 3363 1149 3437 clam,
1178 3362 1403 3434 furtim,
1430 3362 1591 3420 haud
1622 3360 1798 3420 aliter
1822 3381 1998 3440 quam
2026 3364 2080 3422 si
