2375 3842
703 56 821 127 A-

925 242 1189 321 summ
1235 247 1418 331 111.
1984 246 2058 306 ιο

274 390 606 475 Saguntum
644 402 1045 474 oppugnatum
1082 396 1183 468 sit,‘
1221 396 1600 473 quaerendum
1637 414 1918 468 censeam,
1958 395 2061 453 sed

272 501 476 553 utrum
502 494 631 552 iure
655 513 734 552 an
759 494 979 551 iniuria
990 511 1012 567 ς
1048 497 1250 551 nostra
1275 493 1432 551 enim
1465 492 1589 551 haec
1614 493 1857 569 quaestio
1881 498 2060 568 atque
2085 514 2110 551 ⁷

272 590 696 649 animadvensio
740 591 808 648 in
852 593 1039 648 civem
1081 596 1347 647 nostrum
1384 594 1493 660 est,
1534 589 1678 666 quid
1715 594 1916 647 nostro
1954 595 2062 646 aut

273 707 380 746 suo
431 687 653 757 secent
685 687 975 760 arbitri03
1043 687 1344 745 vobiscum
1397 704 1518 744 una
1557 686 1904 763 disceptatio
1949 693 2056 758 est,

272 784 579 843 licueritne
628 802 737 861 per
773 783 961 841 foedus
1005 783 1150 841 fieri.
1232 782 1447 858 Itaque
1494 782 1772 858 quoniam
1810 782 2060 840 discerni
2084 796 2107 836 s

271 876 477 957 placet,
506 880 651 957 quid
684 879 920 957 publico
951 879 1208 951 consilio,
1243 878 1388 956 quid
1427 897 1535 937 sua
1572 886 1779 956 sponte
1816 878 2062 957 impera-

270 984 429 1035 tores
458 977 694 1050 faciant,
734 976 902 1034 nobis
934 976 1236 1034 vobiscum
1274 975 1463 1034 foedus
1501 981 1596 1033 est
1631 994 1670 1033 a
1708 976 1774 1035 O.
1816 975 2060 1033 Lutatio

271 1074 507 1133 consule
556 1074 757 1146 ictum,
806 1074 875 1130 in
925 1092 1043 1150 quo
1094 1092 1278 1150 quum
1327 1078 1633 1130 caveretur
1677 1078 2059 1149 utrorumque

271 1171 454 1244 sociis,
496 1171 650 1230 nihil
688 1170 761 1228 de
802 1170 1146 1247 Saguntinis
1188 1168 1461 1246 (necdum
1501 1169 1661 1228 enim
1707 1174 1878 1227 erant
1917 1168 2060 1226 socii

270 1266 482 1345 vestri)
518 1273 756 1325 cautum
792 1272 896 1325 est.
979 1256 1075 1325 Ab
1119 1265 1278 1323 enim
1331 1283 1402 1322 eo
1452 1265 1681 1335 foedere,
1726 1265 1884 1342 quod
1924 1284 2060 1327 cum
2081 1287 2110 1326 ⁹

271 1363 647 1423 Hasdrubale
671 1364 854 1422 ictum
881 1368 987 1436 est,
1019 1361 1335 1438 Saguntini
1359 1361 1749 1438 excipiuntur.
1833 1361 2063 1420 Adver-

269 1479 370 1518 sus
410 1460 563 1537 quod
603 1477 709 1536 ego
746 1459 900 1517 nihil
945 1460 1212 1517 dicturus
1256 1476 1403 1531 sum,
1454 1458 1572 1516 nisi
1613 1459 1768 1535 quod
1811 1477 1850 1516 a
1889 1458 2056 1516 vobis

271 1556 466 1615 didici.
547 1555 675 1616 'Vos
726 1556 902 1628 enim,
960 1555 1116 1632 quod
1163 1554 1231 1616 Ο.
1286 1553 1564 1612 Lutatius
1615 1554 1817 1613 consul
1868 1554 2058 1632 primo
2086 1579 2135 1606 ω

269 1652 572 1710 nobiscum
611 1651 801 1710 foedus
842 1653 964 1725 icit,
1007 1651 1150 1729 quia
1195 1669 1386 1728 neque
1439 1650 1787 1709 auctoritate
1823 1656 2059 1729 patrum

268 1766 377 1806 nec
415 1747 621 1825 populi
658 1747 821 1806 iussu
857 1748 1045 1806 ictum
1087 1752 1230 1820 erat,
1275 1749 1531 1824 negastis
1576 1766 1681 1805 vos
1722 1766 1792 1805 eo
1836 1749 2055 1821 teneri;

268 1845 471 1923 itaque
511 1845 673 1903 aliud
713 1844 785 1902 de
825 1846 1054 1920 integro
1091 1844 1281 1902 foedus
1318 1844 1555 1920 publico
1593 1844 1834 1903 consilio
1872 1844 2057 1903 ictum

267 1948 373 2002 est.
457 1942 524 2000 Si
551 1961 656 2000 vos
681 1961 804 1999 non
826 1948 1035 2000 tenent
1060 1941 1280 2000 foedera.
1314 1948 1515 1999 vestra.
1547 1941 1664 2000 nisi
1699 1960 1776 1999 ex
1809 1942 2057 2000 auctori·
2087 1965 2130 1992 n

267 2045 392 2097 tate
415 2046 522 2098 aut
547 2039 709 2097 iussu
730 2046 924 2097 vestro
958 2039 1093 2112 icta,
1134 2057 1213 2096 ne
1244 2058 1353 2123 nos
1392 2039 1628 2114 quidem
1664 2037 2057 2097 Hasdrubalis

267 2135 468 2207 foedus,
498 2135 653 2211 quod
672 2135 841 2193 nobis
858 2135 1056 2193 insciis
1082 2135 1207 2209 icit,
1232 2135 1487 2212 obligare
1503 2133 1714 2211 potuit.
1800 2132 2058 2193 Proinde
2088 2158 2131 2185 ιι

267 2231 525 2312 omittite
564 2231 815 2307 Sagunti
851 2238 1030 2309 atque
1070 2232 1288 2290 Hiberi
1327 2230 1683 2289 mentionem
1723 2231 1929 2302 facere,
1973 2235 2051 2300 et,

265 2328 423 2404 quod
470 2328 573 2386 diu
616 2329 873 2405 parturit
919 2329 1148 2386 animus
1194 2333 1402 2398 vester,
1449 2325 1763 2403 aliquando
1804 2325 2053 2402 pariat.’'

267 2425 419 2482 Tum
471 2408 801 2498 Romanusj
847 2425 984 2483 sinu
1035 2445 1111 2483 ex
1163 2430 1301 2500 toga
1365 2423 1537 2495 faotO,
1598 2420 1803 2478 “Hic''
1858 2422 2059 2498 inquit
2089 2450 2133 2485 ¹³

270 2521 479 2579 “vobis
529 2521 751 2580 bellum
802 2528 865 2579 et
916 2540 1116 2598 pacem
1182 2524 1526 2596 portamus;
1590 2523 1792 2576 utrum
1845 2518 2055 2594 placet,

156 2632 161 2637 ·
268 2616 535 2676 sumite.”
630 2618 753 2676 Sub
819 2618 975 2675 hanc
1035 2635 1237 2674 vocem
1299 2614 1460 2672 haud
1520 2614 1715 2672 minus
1766 2614 2053 2688 ferociter,

265 2714 446 2787 daret,
475 2720 678 2772 utrum
711 2715 906 2787 vellet,
937 2714 1353 2772 succlamatum
1388 2719 1515 2784 est3
1555 2718 1618 2770 et
1655 2738 1739 2778 nna
1777 2749 1863 2779 m
1905 2739 1943 2780 ί,
1988 2738 2059 2780 ds-
2088 2736 2134 2772 η

263 2829 446 2886 quum
464 2809 523 2867 'is
555 2809 790 2883 iterum,
822 2811 958 2868 sinu
994 2810 1191 2883 effuso}
1220 2808 1440 2867 bellum
1481 2808 1619 2865 dare
1657 2786 1845 2827 ‘’hm'‘

263 2905 525 2979 dixisset,
583 2907 841 2983 accipere
892 2925 954 2965 se
999 2923 1201 2964 omnes
1251 2905 1679 2982 responderunt
1723 2907 1800 2975 et,
1848 2901 2061 2979 quibus

263 3002 594 3079 acciperent
619 3003 845 3076 animis,
875 3002 1081 3060 iisdem
1108 3021 1169 3060 se
1196 3010 1474 3079 gesturos.
1516 3036 1539 3091 ἱ
2061 2990 2150 3051 7*

389 3098 540 3157 Haec
567 3098 787 3157 directa
810 3098 1172 3176 percontatio
1206 3118 1275 3157 ae
1308 3096 1678 3155 denuntiatio
1704 3094 1847 3153 belli
1872 3093 2064 3170 magis
2088 3085 2159 3142 19

261 3213 341 3252 ex
367 3194 656 3271 dignitate
680 3195 883 3271 populi
909 3194 1311 3252 Romanivisa
1326 3199 1417 3257 est
1432 3208 1607 3269 quam
1646 3209 2060 3297 manath&

260 3290 337 3348 de
359 3290 642 3349 foederum
665 3291 794 3348 iure
826 3289 1025 3348 verbis
1064 3288 1401 3366 disceptare,
1431 3306 1612 3364 quum
1652 3303 1780 3343 ottho
1796 3302 1867 3342 om
1881 3303 2056 3343 trenaee.

259 3392 415 3460 ante,
445 3393 581 3445 tum
609 3388 866 3447 maxime
885 3387 1147 3467 Sagunto
1174 3385 1382 3444 excisa..
1470 3384 1630 3447 Nam
1656 3382 1710 3441 si
1747 3383 2057 3442 verborum
2086 3408 2110 3434 2

1710 3481 1877 3543 2-2
