2375 3842
314 238 425 298 102
928 281 934 290 .
1089 237 1189 296 LI
1196 236 1322 296 VII

308 386 475 445 hoste
527 405 750 464 agrum,
807 386 983 444 misso
1037 386 1286 444 Romam
1344 386 1569 456 Quinto
1613 386 1752 460 filio,
1801 385 2086 460 vendidit,

305 482 596 560 fidemque
620 483 914 561 publicam
938 483 1236 561 impendio
1261 482 1495 560 privato
1520 484 1787 541 exsolvit.

258 616 283 654 9
427 579 733 638 Hannibal
758 599 865 658 pro
893 580 1170 639 Gereonii
1194 581 1497 652 moenibus&
1528 580 1693 638 cuius
1718 581 1883 638 urbis
1908 588 2092 658 captae

305 724 513 764 Minuciu
743 684 921 754 atque
959 677 1209 735 incensae
1241 678 1317 734 ab
1353 696 1416 735 se
1447 677 1512 734 in
1546 696 1719 736 usum
1748 677 2089 737 horreorum

305 780 419 855 2220
475 771 703 856 “fiffi‘fssb‘l’
742 792 928 851 pauca
965 773 1285 851 reliquerat
1330 779 1498 846 tecta,
1546 774 1613 831 in
1665 775 1899 833 stativis
1943 781 2087 833 erat

235 910 282 937 10
304 863 664 957 ἕζζξξὲξξέᾞξω
602 873 704 902 ⁸⁸³⁰
744 871 896 929 Inde
928 871 1357 928 frumentatum
1393 871 1537 928 duas
1571 871 1864 929 exercitus
1893 878 2089 949 partes

215 1030 220 1037 ,
304 965 390 1002 ⁸⁸⁶·
742 968 1056 1041 mittebat3
1112 986 1247 1024 cum
1290 967 1470 1025 tertia
1520 968 1647 1045 ipse
1700 969 1972 1045 expedita
2023 969 2089 1025 in

304 1065 557 1125 statione
593 1073 736 1139 erat,
767 1065 947 1123 simul
973 1065 1178 1121 castris
1204 1065 1472 1141 praesidio
1500 1071 1561 1122 et
1586 1065 2082 1143 circumspectam,

205 1160 281 1219 24
303 1165 566 1222 necunde
604 1164 860 1239 impetus
902 1162 969 1219 in
1010 1161 1463 1219 frumentatores
1517 1163 1698 1221 fieret.
1784 1163 2088 1222 Romanus

304 1266 444 1318 tunc
484 1260 774 1318 exercitus
805 1259 880 1317 in
904 1278 1057 1335 :agro
1099 1258 1369 1316 Larinati
1393 1264 1568 1332 -erat3
1610 1265 1856 1336 praeerat
1891 1260 2088 1317 Minu-

302 1357 426 1415 cius
460 1357 740 1433 magister
769 1356 1051 1432 equitum,
1081 1356 1355 1431 profecto,
1385 1356 1538 1414 sicut
1562 1363 1699 1414 ante
1726 1357 1949 1415 dictum
1976 1366 2083 1428 est,

254 1486 278 1513 2
302 1454 376 1511 ad
415 1455 619 1511 urbem
660 1453 958 1511 dictatore.
1036 1452 1320 1510 Ceterum
1365 1463 1573 1525 castra,
1619 1473 1748 1530 quae
1786 1455 1853 1511 in
1887 1461 2087 1512 monte

302 1550 424 1607 alto
463 1570 532 1609 ac
569 1556 704 1609 tuto
742 1551 869 1607 loco
909 1549 1100 1626 posita
1138 1540 1391 1623 fuerant,
1426 1552 1545 1608 iam
1576 1552 1642 1607 in
1667 1551 1911 1627 planum
1937 1551 2090 1609 defe-

301 1654 551 1722 runtur3
575 1647 1077 1723 agitabanturque
1117 1666 1224 1723 pro
1253 1647 1497 1723 ingenio
1538 1648 1699 1705 ducis
1734 1648 1975 1706 consilia
2000 1667 2089 1706 ca·

300 1743 616 1814 lidiorasut
632 1742 888 1820 impetus
905 1748 1012 1800 aut
1027 1742 1093 1799 in
1116 1744 1567 1802 frumentatores
1608 1744 1835 1821 palatos
1876 1750 1980 1802 aut
2020 1745 2088 1802 in

255 1874 278 1910 3
303 1845 493 1898 castra
529 1840 734 1897 relicta
771 1858 905 1896 cum
942 1839 1059 1896 levi
1101 1840 1371 1915 praesidio
1412 1841 1593 1899 fieret.
1649 1840 1808 1899 „Neo
1855 1840 2088 1898 Hanni-

304 1935 493 1994 balem
520 1936 754 2007 fefellit,
796 1955 929 1993 cum
970 1936 1115 1993 duce
1146 1943 1435 1995 mutatam
1471 1957 1593 1996 esse
1624 1938 1765 1995 belli
1799 1937 2086 1995 rationem

255 2061 279 2096 4
304 2040 365 2092 et
403 2032 649 2091 ferocius
682 2052 858 2109 quam
897 2033 1219 2091 consultius
1245 2053 1368 2091 rem
1395 2034 1591 2091 hostes
1617 2041 1881 2110 gesturos
1901 2053 1919 2107 3
1963 2033 2086 2110 ipse

302 2136 500 2187 autem
539 2130 695 2206 quod
755 2129 996 2187 minime
1035 2129 1167 2207 quis
1207 2130 1481 2203 crederet,
1522 2149 1708 2206 quum
1742 2130 1926 2188 hostis
1960 2150 2087 2207 pro-

300 2226 433 2303 pius
461 2232 626 2300 esset,
655 2226 895 2284 tertiam
921 2234 1157 2303 partem
1174 2227 1443 2284 militum
1475 2227 1917 2299 frumentatum,
1948 2227 2086 2283 dua-

255 2346 278 2385 s
300 2325 409 2383 bus
443 2325 508 2382 in
543 2323 750 2382 castris
786 2323 1048 2395 retentiS,
1088 2315 1314 2382 dimisit
1334 2343 1353 2397 ς,
1395 2324 1532 2381 dein
1564 2330 1756 2382 castra
1790 2321 1920 2401 ipsa
1958 2342 2087 2399 pro·

298 2421 432 2497 pius
477 2421 702 2479 hostem
738 2422 942 2493 movit,
983 2422 1099 2478 duo
1138 2421 1321 2478 ferme
1359 2439 1396 2477 a
1438 2419 1726 2478 Gereonio
1770 2420 1973 2492 millia,
2019 2421 2083 2477 in

298 2519 595 2577 tumulum
642 2518 799 2575 hosti
845 2523 1233 2594 conspectum,
1283 2523 1354 2574 ut
1400 2517 1699 2575 intentum
1743 2517 1919 2578 sciret
1961 2535 2085 2574 esse

252 2629 276 2669 ⁶
299 2614 374 2673 ad
419 2614 885 2687 frumentatores,
933 2614 984 2672 si
1036 2634 1154 2691 qua
1200 2614 1291 2672 vis
1337 2615 1520 2686 fieret,
1565 2614 1859 2673 tutandos,
1943 2613 2085 2672 Pro⁴

300 2713 433 2792 pior
473 2711 613 2771 inde
653 2711 709 2769 ei
740 2717 917 2787 atque
944 2710 1086 2787 ipsis
1113 2712 1424 2769 imminens
1450 2710 1850 2768 Romanorum
1877 2709 2085 2768 castris

298 2808 562 2868 tumulus
598 2808 909 2884 apparuit3
949 2807 1025 2864 ad
1065 2826 1239 2883 quem
1275 2808 1623 2884 capiendum
1655 2807 1708 2864 si
1732 2807 1861 2863 luce
1888 2806 2083 2882 palam

297 2905 499 2979 iretur,
550 2904 691 2982 quia
736 2904 893 2962 haud
936 2903 1112 2961 dubie
1159 2903 1344 2961 hostis
1384 2905 1649 2962 breviore
1688 2903 1788 2960 via
1822 2921 2082 2979 praeven-

250 3026 273 3064 ⁷
298 3011 467 3063 turus
505 3008 647 3073 erat,
675 3008 846 3060 nocte
872 3001 1020 3059 clam
1045 3001 1211 3058 missi
1236 3000 1513 3059 Numidae
1540 3007 1834 3077 ceperunt.
1920 2997 2084 3067 Quos

300 3105 569 3158 tenentes
607 3099 799 3158 locum
840 3104 1172 3174 contempta
1212 3099 1507 3174 paucitate
1550 3095 1808 3155 Romani
1847 3102 2082 3173 postero

248 3211 272 3252 a
295 3195 391 3255 die
417 3215 599 3272 quum
625 3195 980 3267 deiecissent,
1008 3194 1124 3272 ipsi
1150 3213 1218 3252 eo
1244 3195 1605 3254 transferunt
1630 3199 1835 3252 castra.
1905 3189 2081 3273 [Tum

300 3288 395 3373 ut]
422 3293 621 3369 itaque
648 3291 926 3369 exiguum
963 3291 1141 3368 spatii
1176 3291 1401 3348 vallum
1434 3310 1472 3348 a
1496 3292 1653 3349 vallo
1679 3292 1900 3362 aberat,
1928 3295 1991 3347 et
2016 3289 2083 3346 id

299 3389 490 3467 ipsum
518 3395 708 3447 totum
735 3408 914 3466 prope
934 3390 1323 3467 compleverat
1353 3389 1620 3450 Romana
1638 3388 1804 3447 acies.
1890 3387 2083 3445 Simul
