2375 3842
339 235 417 294 50
976 280 985 287 „
1119 229 1351 298 LIVII

335 383 613 459 potienda
649 391 881 462 sperata
912 387 1045 460 rati,
1075 387 1345 464 proelium
1371 407 1491 447 uno
1524 387 1719 447 animo
1744 395 1806 448 et
1829 408 1969 449 voce
1996 409 2118 449 una

334 484 604 554 poscunt,

230 571 313 630 46*
451 575 639 651 Apud
677 575 973 635 Romanos
998 578 1446 655 haudquaquam
1478 586 1647 638 tanta
1672 581 1942 639 alacritas
1968 591 2112 656 erat,

331 683 627 779 &Qmssss
651 684 732 770 ‘¹2¹5ss
770 692 946 750 super
994 681 1189 732 cetera
1250 677 1581 734 recentibus
1640 678 1821 736 etiam
1863 680 2114 746 territos

282 788 307 816 2
331 784 474 815 omen·
769 769 1081 847 prodigiis3
1121 791 1261 829 nam
1286 778 1349 830 et
1373 772 1547 849 lupus
1572 773 1898 832 intraverat
1923 781 2113 833 castra

329 862 681 942 laniatisque
716 866 906 924 obviis
951 869 1075 943 ipse
1129 868 1391 927 intactus
1430 876 1715 941 evaserat,
1755 876 1820 928 et
1862 890 2111 928 examen

277 975 304 1014 ³
328 979 506 1038 apum
532 961 606 1018 -in
640 963 844 1020 arbore
869 952 1140 1039 praetorib
1165 964 1510 1023 imminente
1536 967 1885 1046 consederat.
1971 967 2111 1036 Qui-

329 1058 438 1117 bus
461 1060 815 1135 procuratis,
861 1060 1055 1137 Scipio
1094 1081 1230 1119 cum
1268 1063 1538 1139 equitatu
1577 1063 2106 1138 iaculatoribusque

327 1150 614 1231 expeditis
663 1156 959 1231 profectus
1009 1156 1085 1214 ad
1138 1163 1330 1215 castra
1367 1159 1627 1215 hostium
1664 1177 1741 1215 ex
1781 1156 2107 1234 propinquo

326 1250 640 1326 copiasque,
667 1257 899 1327 quantae
925 1257 988 1310 et
1013 1253 1178 1311 cuius
1204 1254 1434 1330 generis
1469 1260 1679 1325 essent,
1714 1252 2102 1330 speculandae,

324 1348 531 1406 obvius
582 1350 655 1406 fit
700 1348 1030 1407 Hannibali
1074 1357 1137 1408 et
1187 1351 1303 1426 ipsi
1349 1369 1483 1409 cum
1529 1350 1827 1426 equitibus
1880 1348 1957 1405 ad
2008 1369 2106 1407 ex-

274 1468 300 1506 4
323 1444 608 1521 ploranda
651 1445 803 1504 circa
844 1446 972 1504 loca
1010 1466 1324 1523 progresso.
1411 1448 1634 1506 Neutri
1661 1447 1876 1504 alteros
1916 1444 2104 1522 primo

322 1541 671 1615 cernebant3
709 1541 943 1599 densior
972 1542 1183 1600 deinde
1218 1543 1446 1599 incessu
1486 1549 1575 1601 tot
1606 1542 1909 1600 hominum
1934 1559 2105 1617 equo-

320 1653 562 1711 rumque
587 1636 780 1693 oriens
803 1636 999 1712 pulvis
1026 1636 1259 1710 signum
1294 1636 1814 1711 propinquantium
1844 1634 2101 1691 hostium

319 1732 451 1791 fuit.
540 1732 824 1790 Consistit
853 1738 1169 1806 utrumque
1205 1750 1430 1806 agmen,
1461 1737 1523 1787 et
1559 1730 1635 1788 ad
1674 1728 1942 1805 proelium
1978 1747 2101 1785 sese

269 1850 295 1884 ³
319 1829 719 1906 expediebant.
806 1827 998 1904 Scipio
1039 1825 1388 1893 iaculatores
1427 1831 1490 1883 et
1535 1823 1736 1881 Gallos
1771 1822 1995 1897 equites
2035 1821 2102 1878 in

315 1924 509 1984 fronte
576 1924 747 1996 locat,
821 1923 1118 1979 Romanos
1191 1920 1593 1996 sociorumque
1655 1921 1813 1998 quod
1876 1921 2101 1979 roboris

315 2020 448 2093 fuit,
496 2021 563 2079 in
608 2019 895 2078 subsidiis.
982 2018 1291 2075 Hannibal
1329 2018 1585 2076 stenatos
1618 2020 1845 2094 equites
1879 2018 1945 2076 iu
1981 2038 2099 2076 me-

268 2144 293 2176 ο
316 2116 479 2174 dium
504 2115 731 2192 accipit,
755 2133 972 2172 cornua
992 2113 1273 2171 Numidis
1290 2113 1502 2172 firmat.
1566 2113 1835 2172 Vixdum
1850 2114 2099 2172 clamore

315 2212 560 2284 sublato,
596 2210 941 2268 iaculatores
975 2210 1256 2286 fugerunt
1288 2210 1446 2267 inter
1486 2210 1747 2268 subsidia
1784 2211 1860 2268 ad
1898 2226 2098 2268 secun-

315 2307 449 2364 dam
481 2307 676 2364 aciem.
749 2304 901 2363 Inde
936 2306 1202 2383 equitum
1239 2312 1531 2364 certamen
1568 2312 1698 2364 erat
1735 2305 2096 2381 aliquamdiu

314 2421 526 2477 anceps
543 2422 562 2475 3
605 2402 743 2458 dein
773 2402 916 2478 quia
943 2403 1260 2460 turbabant
1286 2421 1463 2478 equos
1489 2402 1714 2479 pedites
1740 2401 2091 2472 intermixti,

313 2495 519 2552 multis
557 2493 890 2552 labentibus
915 2514 991 2553 ex
1017 2496 1182 2571 equis
1218 2502 1325 2554 aut
1361 2497 1780 2569 deffilientibus,
1820 2496 1926 2553 ubi
1962 2514 2095 2554 suos

313 2590 502 2666 premi
539 2589 962 2650 circumventos
996 2593 1300 2663 vidissent,
1327 2593 1445 2653 i‘am
1478 2613 1691 2670 magna
1722 2613 1800 2651 ex
1824 2597 1993 2669 parte
2017 2591 2094 2647 ad

313 2684 488 2760 mdes
522 2702 720 2759 pugna
753 2692 1008 2759 venerat,
1043 2687 1227 2746 donec
1262 2687 1554 2759 Numidas,
1584 2687 1691 2764 qui
1719 2686 1788 2742 in
1821 2682 2093 2741 cornibus

316 2784 497 2848 erant,
542 2779 916 2838 circumvecti
960 2782 1200 2857 paulum
1243 2783 1319 2840 ab
1363 2789 1529 2859 tergo
1581 2802 1648 2841 se
1685 2779 2090 2838 ostenderunt.

266 2887 291 2925 ⁷
315 2873 379 2930 Is
419 2893 603 2950 pavor
642 2876 893 2952 perculit
938 2877 1251 2951 Romanos,
1297 2879 1583 2955 auxitque
1634 2892 1909 2952 pavorem
1961 2892 2082 2930 con-

314 2968 456 3031 sulis
495 2970 713 3029 vulnus
764 2972 1217 3050 periculumque,
1262 2973 1594 3032 intercursu
1644 2976 1777 3027 tum
1830 2967 2087 3042 primum

266 3090 290 3129 s
315 3110 385 3141 m
406 3101 580 3141 women
610 3102 651 3141 1„
683 3114 711 3143 ⁸
735 3068 1116 3144 ‚pubescentis
1159 3069 1269 3127 filii
1303 3067 1722 3145 propulsatum.
1807 3062 1930 3119 Hic
1965 3074 2092 3120 erat

315 3149 711 3243 ζᾜῖῃωὲἒρῗῖ
748 3163 994 3238 iuvenis,
1016 3184 1194 3241 penes
1219 3184 1394 3241 quem
1420 3159 1663 3239 perfecti
1685 3157 1925 3216 huiusce
1950 3158 2091 3216 belli

315 3239 526 3299 qounded,
746 3261 876 3319 laus
902 3269 1005 3335 est,
1030 3263 1351 3320 Africanus
1377 3260 1453 3317 ob
1479 3256 1767 3334 egregiam
1783 3255 2091 3313 victoriam

264 3380 292 3420 9
316 3350 388 3410 de
452 3353 787 3415 Hannibale
853 3357 1164 3434 Poenisque
1217 3355 1555 3433 appellatus,
1667 3352 1834 3428 Fuga
1891 3354 2092 3421 tamen
