2375 3842
887 273 1147 333 LIBER
1199 273 1419 335 XXII.
1933 271 2043 331 121

264 421 509 492 Atilius,
556 419 812 499 proximi
855 422 1133 494 consules,
1181 421 1336 494 vide,
1382 419 1866 497 quemadmodum
1913 437 2048 477 eum

262 518 546 576 ludificati
600 519 735 577 sint.
821 517 970 576 Haeo
1021 536 1143 576 una
1187 516 1398 575 salutis
1438 521 1531 574 est
1569 516 1686 583 via,
1729 515 1797 574 L.
1845 514 2048 586 Paule,

263 634 440 692 quam
492 614 784 672 difficilem
828 614 1218 690 infestamque
1263 614 1418 672 cives
1468 612 1583 672 tibi
1635 613 1821 689 magis
1873 631 2049 689 quam

261 712 457 770 hostes
481 711 713 771 facient.
799 710 968 768 Idem
1006 710 1164 769 enim
1206 709 1316 784 tui,
1346 711 1503 787 quod
1532 709 1791 768 hostium
1831 709 2049 767 milites
2073 725 2121 764 ιε

259 808 498 882 volent3
535 808 694 866 idem
718 807 916 866 Varro
954 806 1157 866 consul
1196 806 1517 879 Romanus,
1544 807 1703 884 quod
1741 805 2050 864 Hannibal

261 904 480 964 Poenus
523 905 847 981 imperator
897 904 1107 982 cupiet.
1193 903 1441 962 Duobus
1481 903 1726 962 ducibus
1764 921 1920 961 unus
1957 922 2048 960 re·

259 1002 431 1060 sistas
483 1006 729 1078 oportet.
816 1000 1075 1059 Resistes
1128 1006 1345 1071 autem,
1394 1000 1449 1058 si
1500 1001 1780 1059 adversus
1830 1000 2048 1058 famam

259 1117 633 1175 rumoresque
658 1097 962 1156 hominum
988 1097 1131 1156 satis
1157 1098 1364 1155 firmus
1386 1098 1634 1171 steteris,
1664 1097 1715 1154 si
1755 1102 1818 1155 te
1858 1115 2048 1173 neque

262 1195 494 1272 collegoe
522 1214 680 1253 vana
716 1195 903 1271 gloria
938 1213 1131 1271 neque
1168 1200 1277 1252 tua
1313 1194 1461 1252 falsa
1498 1194 1741 1252 infamia
1778 1193 2040 1253 moverit.

258 1291 592 1351 Veritatem
628 1292 890 1350 laborare
928 1291 1111 1349 nimis
1145 1310 1296 1368 saepe
1335 1290 1520 1363 aiunt,
1564 1290 1864 1366 exstingui
1899 1309 2048 1347 nun·
2073 1319 2122 1359 ις

259 1408 449 1465 quam.
545 1388 770 1449 Vanam
798 1388 1043 1466 gloriam
1079 1388 1184 1466 qui
1224 1388 1524 1466 spreverit,
1552 1406 1756 1447 veram
1787 1388 2043 1447 habebit.

260 1485 418 1557 Sine,
446 1484 723 1544 timidum
746 1506 855 1564 pro
892 1491 1084 1560 caute,
1111 1487 1348 1545 tardum
1386 1506 1494 1563 pro
1534 1485 1912 1556 consideratO,
1942 1486 2047 1543 im·
2071 1512 2122 1539 20

258 1580 470 1639 bellem
497 1600 604 1657 pro
629 1583 816 1658 perito
842 1582 984 1640 belli
1009 1589 1236 1641 vocent.
1308 1583 1491 1657 Malo,
1518 1588 1581 1641 te
1608 1582 1838 1660 sapiens
1862 1582 2047 1641 hostis

256 1684 501 1752 metuat,
531 1698 705 1756 quam
734 1680 906 1737 stulti
940 1679 1096 1738 cives
1134 1680 1390 1741 laudent.
1476 1680 1692 1739 Omnia
1731 1679 2047 1740 audentem

257 1780 592 1832 contemnet
636 1775 960 1849 Hannibal,
1012 1776 1165 1835 nihil
1210 1782 1429 1836 temere
1478 1782 1748 1855 agentem
1800 1773 2040 1835 metu'et.

256 1870 384 1927 Nec
423 1889 547 1947 ego,
582 1876 654 1930 ut
692 1872 844 1930 nihil
884 1878 1108 1949 agatur,
1150 1874 1381 1949 suadeo,
1423 1874 1525 1933 sed
1563 1879 1635 1932 ut
1674 1879 1944 1950 agentem
1984 1879 2046 1932 te
2070 1900 2116 1928 οι

256 1965 408 2025 ratio
450 1968 641 2040 ducat,
689 1986 811 2026 non
851 1969 1128 2044 fortuna3
1183 1976 1304 2030 tuae
1348 1970 1658 2049 potestatis
1709 1988 1936 2048 semper
1975 1975 2045 2028 tu

256 2069 473 2141 tuaque
515 2066 716 2124 omnia
761 2066 922 2141 sint;
969 2074 1230 2126 armatus
1274 2070 1655 2146 intentusque
1701 2067 1817 2142 sis3
1854 2074 2046 2144 ne'que

256 2161 539 2220 occasioni
571 2167 691 2220 tuae
730 2163 880 2221 desis
919 2182 1109 2240 neque
1144 2183 1310 2222 suam
1347 2164 1705 2223 occasionem
1735 2163 1893 2221 hosti
1924 2165 2040 2223 des.

257 2257 473 2315 Omnia
497 2277 619 2315 non
643 2260 984 2335 properanti
1010 2260 1166 2317 clara
1200 2266 1471 2336 certaque
1496 2264 1708 2331 erunt;
1746 2259 2045 2316 festinatio
2071 2291 2120 2319 αι

254 2352 584 2429 improvida
610 2359 700 2412 est
726 2360 787 2412 et
812 2355 1011 2414 (παιδ’

441 2450 678 2509 dversus
731 2472 802 2511 ea
839 2454 1027 2512 oratio
1066 2452 1320 2512 consulis
1359 2451 1518 2509 haud
1557 2470 1697 2510 sane
1738 2452 1872 2509 laeta
1910 2451 2043 2523 fuit,
2068 2458 2146 2517 40

253 2547 439 2622 magis
463 2546 706 2605 fatentis
732 2568 818 2620 ea,
846 2569 977 2627 quae
1005 2550 1237 2622 diceret,
1260 2568 1402 2607 vera
1426 2567 1603 2625 quam
1643 2586 2044 2636 mmmmm„

253 2642 449 2702 facilia
472 2644 650 2704 'factu
692 2664 830 2705 esse.
916 2646 1216 2705 Dictatori
1258 2645 1603 2722 magistrum
1642 2634 1691 2673 ⁰¹
1700 2644 1875 2676 ‘'²⁰⁰⁰'‘
2069 2697 2093 2723 2

256 2739 523 2816 equitum
564 2741 995 2800 intolerabilem
1036 2742 1256 2816 fuisse3
1309 2742 1453 2820 quid
1499 2742 1726 2801 consuli
1767 2744 2045 2803 adversus

254 2837 532 2914 collegam
569 2838 913 2897 seditiosum
947 2857 1016 2895 ae
1046 2840 1423 2897 temerarium
1457 2839 1679 2898 virium
1712 2844 1890 2917 atque
1915 2860 2046 2898 auc-

6 2919 10 2926 ’
136 2995 143 3004 ,
253 2934 509 2993 totitatis
528 2935 689 2995 fore?
748 2935 824 2994 Se
850 2936 1129 3013 populare
1154 2936 1491 2995 incendium
1516 2937 1710 3013 priore
1736 2937 2044 3027 consulatu
2067 2961 2094 3001 3

253 3039 574 3090 semustum
611 3032 918 3111 effugisse3
959 3038 1177 3110 optare,
1216 3041 1289 3093 ut
1319 3032 1518 3091 omnia
1541 3052 1813 3110 prospere
1852 3033 2045 3091 eveni—

251 3132 424 3200 rent5
481 3129 584 3186 sed
628 3130 682 3188 si
734 3130 878 3207 quid
932 3130 1164 3189 adversi
1202 3130 1450 3203 caderet,
1492 3128 1752 3188 hostium
1796 3148 1862 3188 se
1908 3130 2044 3190 telis

250 3221 446 3296 potius
481 3242 658 3300 quam
700 3227 993 3303 suffragiis
1038 3228 1328 3286 iratorum
1368 3226 1591 3285 civium
1643 3232 1822 3304 caput
1860 3226 2045 3286 obiec-

256 3325 471 3377 turum.

370 3415 477 3474 Ab
514 3417 623 3476 hoc
661 3438 923 3478 sermone
962 3421 1285 3497 profectum
1325 3420 1579 3478 Paulum
1613 3421 1876 3494 tradunt,
1912 3439 2040 3498 pro-
2064 3455 2094 3495 4
