2375 3842
931 242 1189 301 LIBER
1241 238 1423 300 XXI.
1981 233 2058 292 55

276 394 586 465 habebant,
614 397 691 464 et,
719 390 905 450 sicubi
931 396 1196 449 conserta
1222 388 1394 456 navis
1416 392 1581 460 esset,
1611 385 2061 463 haudquaquam

278 508 384 568 par
412 507 689 548 numerus
727 492 1081 546 armatorum
1121 506 1200 545 ex
1238 506 1308 544 ea
1339 483 1656 562 pugnabat.
1753 480 1925 552 Quod
1959 479 2064 538 ubi
2086 498 2113 538 ⁴

279 587 745 645 animadversum
787 590 894 657 est,
942 589 1005 642 et
1049 583 1335 641 Romanis
1374 579 1700 640 multitudo
1742 597 1851 637 sua
1889 576 2065 635 auxit

279 685 543 743 animum
588 688 649 740 et
690 681 952 759 paucitas
993 680 1115 738 illis
1159 679 1393 738 minuit.
1481 675 1806 752 Extemfflo,
1840 679 2062 750 septem
2088 691 2112 731 s

279 799 458 839 naves
500 778 739 838 Punicoe
783 778 1231 848 circumventae3
1273 776 1469 851 fugam
1518 779 1723 832 ceterae
1765 775 2059 847 oeperunt.

286 876 458 936 Mille
501 882 564 935 et
607 873 962 952 septingenti
1006 874 1170 932 fuere
1213 873 1279 930 in
1321 871 1569 930 navibus
1614 868 1802 945 captis
1845 866 2064 925 milites

281 979 611 1048 nautaeque,
635 972 698 1028 in
717 970 810 1029 his
837 977 956 1028 tres
981 970 1205 1028 nobiles
1223 965 1805 1043 Carthaginiensium.
1852 961 2065 1023 Classis
2088 985 2115 1026 ⁶

288 1069 555 1126 Romana
588 1067 913 1140 incolumis,
939 1086 1062 1125 una
1084 1072 1322 1124 tantum
1357 1063 1649 1141 perforata
1672 1060 1830 1134 navi,
1859 1059 1961 1118 sed
1996 1078 2067 1118 ea

287 1184 517 1243 quoque
542 1164 671 1240 ipsa
695 1165 922 1236 reduce,
950 1162 1015 1220 in
1042 1171 1278 1240 portum
1302 1161 1495 1220 rediit.

401 1261 731 1319 Secundum
766 1259 916 1317 hano
950 1278 1225 1337 pugnam,
1254 1258 1512 1316 nondum
1547 1254 1747 1332 gnaris
1783 1253 1924 1325 eius,
1957 1252 2062 1329 qui
2091 1263 2115 1302 ⁷

282 1357 566 1415 Messanae
618 1362 801 1429 erant,
853 1355 941 1415 Ti.
993 1354 1370 1431 Sempronius
1422 1353 1620 1413 consul
1662 1372 1750 1411 ‘nne
1778 1371 1921 1410 eoum
1953 1370 2065 1409 sem-

1661 1417 1830 1465 pronius
1891 1416 2063 1456 receives

287 1452 618 1510 Messanam
671 1452 850 1512 venit.
965 1450 1042 1509 Ei
1090 1451 1315 1523 fretum
1371 1449 1625 1509 intranti
1660 1462 1917 1548 ζιοῗᾱςωωιέι
1952 1462 1994 1501 ιο

281 1569 389 1607 rex
461 1548 649 1606 Hiero
727 1549 965 1606 classem
1042 1546 1386 1606 immodum
1462 1567 1625 1605 orna·
1663 1519 1806 1603 lngo.

286 1652 519 1722 tamque
555 1643 787 1702 obviam
843 1644 1034 1715 duxit,
1092 1650 1595 1721 transgressusque
1646 1663 1724 1702 ex
1786 1644 1948 1720 regia
1999 1642 2065 1700 in
2090 1671 2115 1711 Β

281 1741 614 1816 praetoriam
654 1760 883 1814 navem,
925 1741 1257 1816 gratulatus
1302 1740 1577 1816 sospitem
1624 1760 1759 1798 cum
1802 1740 2064 1799 exercitu

280 1842 341 1894 et
366 1837 613 1907 navibus
639 1837 958 1910 advenisse,
979 1842 1359 1913 precatusque
1384 1855 1721 1914 prosperum
1747 1854 1814 1896 ao
1839 1836 2067 1895 felicem

281 1934 347 1991 in
401 1933 660 1993 Siciliam
698 1933 1032 2006 transitum,
1077 1939 1299 1992 statum
1338 1933 1547 1991 deinde
1585 1934 1791 2015 insulae
1829 1939 1892 1992 et
1931 1933 2066 1992 Gar·
2089 1961 2115 2000 9

278 2031 738 2106 thaginiensium
780 2036 989 2088 conata
1028 2029 1319 2106 exposuit,
1354 2029 1762 2106 pollicitusque
1799 2035 1906 2101 est,
1948 2049 2065 2106 quo

279 2128 476 2183 animo
507 2126 700 2206 priore
738 2125 890 2183 bello
929 2125 1212 2201 populum
1250 2125 1587 2183 Romanum
1634 2126 1864 2184 iuvenis
1904 2127 2066 2184 adiu-

280 2222 475 2294 visset,
504 2241 573 2279 eo
599 2240 797 2279 senem
822 2221 1160 2279 adiuturum
1172 2242 1190 2294 ;
1217 2221 1582 2280 frumentum
1601 2224 2063 2300 vestimentaque
2090 2246 2139 2273 ιο

279 2330 404 2375 sese
429 2316 753 2392 legionibus
780 2317 1034 2376 consulis
1066 2319 1349 2394 sociisque
1383 2318 1691 2376 navalibus
1716 2319 1900 2395 gratis
1924 2339 2066 2395 prse-

281 2413 573 2486 biturum3
601 2413 820 2487 grande
845 2413 1170 2489 periculum
1186 2413 1901 2492 Lilybaeo'maritimisque
1928 2416 2065 2473 civi·

278 2508 504 2566 tatibus
542 2510 771 2615 esse‚set
810 2509 1158 2586 quibusdam
1199 2510 1535 2569 volentibus
1574 2526 1757 2569 novas
1795 2531 1886 2571 res
1920 2508 2080 2591 fora}

282 2605 373 2663 Ob
414 2604 538 2662 haec
578 2604 807 2662 consuli
844 2606 996 2663 nihil
1035 2606 1430 2665 cunctandum
1469 2607 1679 2678 visum,
1716 2607 1863 2685 quin
1901 2609 2062 2685 Lily-
2089 2642 2134 2672 u

278 2702 466 2759 baeum
493 2685 677 2759 classe
702 2706 941 2778 peteret.
1027 2702 1110 2760 Et
1133 2721 1242 2761 rex
1268 2704 1541 2780 regiaque
1567 2704 1766 2763 elassis
1789 2725 1911 2764 una
1935 2726 2064 2784 pro-

277 2797 430 2857 fecti.
496 2796 861 2873 Navigantes
887 2798 1040 2870 inde,
1068 2804 1393 2875 pugnatum
1420 2802 1492 2858 ad
1522 2799 1852 2876 Lilybaeum
1878 2802 2061 2860 fusas·

280 2914 392 2972 que
438 2900 500 2952 et
546 2900 745 2969 captas
787 2893 1046 2952 hostium
1091 2915 1290 2969 naves,
1334 2915 1615 2972 accepere.
1701 2897 1765 2954 A
1804 2897 2061 2973 Lilybaeo
2089 2903 2168 2988 §.¹:-

230 3029 235 3034 -
277 2992 497 3064 consul,
546 2991 811 3050 Hierone
857 3011 990 3050 cum
1034 2992 1216 3051 classe
1260 2993 1422 3069 regia
1468 2993 1706 3050 dimisso
1746 2993 2061 3070 relictoque

276 3096 524 3166 praetore
549 3088 625 3146 ad
650 3088 930 3147 tuendam
947 3088 1157 3147 Siciliae
1183 3109 1361 3160 oram,
1391 3089 1516 3166 ipse
1531 3089 1597 3145 in
1622 3089 1874 3146 insulam
1890 3089 2061 3150 Meli·

276 3195 416 3257 tam,
444 3205 573 3263 quae
601 3204 638 3242 a
664 3185 1243 3262 Carthaginiensibus
1271 3187 1596 3259 tenebatur,
1625 3186 1869 3245 traiecit.
1931 3187 2057 3247 Ad·
2081 3216 2107 3245 ο

276 3281 540 3339 venienti
569 3281 875 3339 Hamilcar
915 3281 1187 3359 Gisgonis
1226 3282 1400 3354 filius,
1428 3281 1737 3358 praefectus
1774 3284 2048 3358 praesidii,

277 3396 408 3436 cum
427 3378 601 3454 paulo
626 3378 821 3437 minus
841 3378 1067 3437 duobus
1092 3379 1353 3436 millibus
1380 3378 1637 3437 militum
1663 3379 2055 3459 oppidumque
