2375 3842
302 227 380 286 52
939 268 947 274 -
1081 222 1317 287 HVJ]

304 360 463 451 sunt,
500 373 606 450 qui
642 372 823 430 biduo
860 373 968 429 vix
998 371 1193 430 locum
1229 375 1359 430 rate
1379 371 1691 448 *iungendo
1729 370 1962 428 flumini
1996 362 2087 430 in·

301 474 547 526 ventum
571 467 852 542 tradunt3
891 485 962 524 ea
985 485 1122 526 cum
1145 467 1404 544 Magone
1428 466 1654 542 equites
1681 464 2083 543 Hispanorum

254 579 280 619 ⁷
305 563 605 639 expeditos
651 561 990 646 praemissos.
1074 561 1239 620 Dum
1291 561 1614 632 Hannibal,
1666 561 1821 619 circa
1866 561 2087 620 flumen
2131 546 2137 553 ’

304 659 693 736 legationibus
729 658 1034 717 Gallorum
1068 657 1379 716 audiendis
1404 662 1686 730 moratus,
1714 657 1939 715 traiicit
1961 674 2087 734 gra-

303 755 438 813 vius
484 755 753 832 peditum
805 773 1030 831 agmen,
1083 754 1325 813 interim
1376 755 1561 830 Mago
1614 753 1957 829 equitesque
2010 754 2086 811 ab

303 851 561 910 transitu
602 851 862 909 fluminis
914 851 1034 909 diei
1082 851 1263 908 unius
1314 850 1527 908 itinere
1592 849 1956 908 Placentiam
2012 848 2088 908 ad

254 966 279 1004 8
305 986 494 1028 mom
514 987 572 1038 by
587 988 704 1030 Han-
742 948 938 1006 hostes
955 948 1334 1006 contendunt.
1409 947 1716 1004 Hannibal
1735 946 1937 1022 paucis
1955 951 2089 1023 post

306 1033 431 1083 Μ
747 1045 952 1103 diebus
987 1064 1094 1102 sex
1118 1044 1308 1101 millia
1333 1063 1370 1101 a
1396 1042 1700 1102 Placentia
1726 1050 1915 1101 castra
1940 1062 2091 1101 com·

306 1140 580 1216 munivit,
609 1146 673 1198 et
710 1147 942 1217 postero
981 1141 1076 1198 die
1111 1141 1178 1197 in
1208 1145 1524 1217 conspectu
1558 1139 1817 1198 hostium
1851 1140 1974 1198 acie
2004 1140 2089 1198 di-

305 1240 466 1292 recta
490 1240 840 1311 potestatem
862 1255 1072 1312 pugnae
1098 1235 1252 1294 fecit.

202 1324 279 1385 48
424 1329 770 1408 Insequenti
793 1337 966 1390 nocte
984 1332 1166 1389 caedes
1190 1331 1258 1388 in
1283 1331 1487 1389 castris
1502 1330 1802 1403 Romanis,
1823 1330 2094 1414 tumultu

303 1433 504 1486 tamen
526 1448 706 1506 quam
731 1448 795 1487 re
821 1429 1023 1502 maior,
1050 1429 1127 1486 ab
1159 1427 1546 1485 auxiliaribus
1573 1427 1762 1486 Gallis
1796 1427 1953 1486 facta
1979 1435 2084 1488 est.
2204 1505 2207 1507 Δ

257 1534 280 1561 ²
303 1546 396 1585 who
440 1555 602 1587 secures
644 1546 702 1595 by
738 1525 844 1582 Ad
869 1526 985 1582 duo
1006 1524 1193 1583 millia
1210 1524 1476 1600 peditum
1502 1529 1564 1580 et
1589 1523 1827 1582 ducenti
1847 1525 2089 1600 equites,

304 1592 518 1640 treachery
529 1593 599 1632 the
613 1603 700 1632 ma-

305 1638 467 1722 &aas
509 1638 706 1679 anolu-
743 1621 1020 1696 vigilibus
1053 1620 1130 1678 ad
1164 1624 1363 1695 portas
1391 1618 1719 1691 trucidatis,
1752 1620 1829 1678 ad
1861 1618 2093 1678 Hanni-

379 1694 454 1722 um
478 1683 597 1722 while
634 1684 706 1723 the

306 1728 496 1768 nomm
504 1730 708 1776 masth-
746 1717 938 1775 balem
963 1715 1364 1792 transfugiunt
1373 1734 1393 1788 3
1429 1734 1574 1793 quos
1600 1715 1824 1787 Poenus,
1841 1716 2093 1794 benigne

307 1772 627 1860 53⁶th
652 1783 707 1813 ω’
747 1813 1036 1871 allocutus
1077 1818 1140 1870 et
1177 1831 1281 1889 spe
1314 1812 1645 1889 ingentium
1680 1814 1966 1871 donorum
2003 1831 2094 1871 ac-

309 1928 507 1968 censos
522 1909 599 1967 in
623 1909 892 1969 civitates
917 1928 1209 1986 quemque
1229 1927 1368 1968 suas
1392 1910 1469 1967 ad
1487 1909 1885 1968 sollicitandos
1909 1929 2091 1989 popu-

261 2015 284 2052 ³
308 2006 522 2064 larium
573 2006 798 2064 animos
844 2006 1085 2064 dimisit.
1189 2005 1385 2083 Scipio
1427 2007 1645 2064 caedem
1684 2024 1816 2064 eam
1860 2008 2092 2083 signum

309 2102 649 2162 defectionis
680 2103 944 2161 omnium
970 2102 1274 2161 Gallorum
1304 2109 1429 2161 esse
1463 2109 1646 2175 ratus,
1684 2109 2093 2180 contactosque

309 2219 380 2259 eo
423 2200 636 2259 scelere
679 2200 848 2259 velut
888 2199 1104 2259 iniecta
1140 2199 1304 2258 rabie
1345 2200 1423 2257 ad
1466 2217 1632 2257 arma
1666 2198 1873 2272 ituros,
1914 2218 2094 2275 quan·

261 2308 285 2345 ⁴
310 2316 486 2374 quam
521 2298 718 2374 gravis
752 2296 945 2355 adhuc
967 2296 1215 2355 vulnere
1251 2301 1396 2369 erat,
1425 2301 1627 2354 tamen
1652 2303 1866 2372 quarta
1889 2291 2108 2372 vigilia

309 2394 499 2453 noctis
522 2394 886 2472 insequentis
911 2393 1094 2452 tacito
1129 2393 1362 2469 agmine
1388 2393 1696 2468 profectus,
1723 2392 1800 2450 ad
1825 2392 2094 2451 Trebiam

310 2491 560 2549 fluvium
585 2491 706 2548 iam
729 2490 798 2548 in
817 2490 944 2549 loca
963 2490 1174 2548 altiora
1189 2489 1476 2565 collesque
1492 2488 1889 2566 impeditiores
1909 2487 2095 2567 equiti

263 2606 287 2643 ⁵
313 2593 502 2646 castra
525 2592 741 2647 movet.
825 2586 1032 2645 Minus
1063 2605 1243 2663 quam
1276 2585 1353 2642 ad
1377 2585 1644 2644 Ticinum
1671 2585 1886 2650 fefellit
1895 2606 1914 2660 3
1962 2584 2097 2643 mis-

314 2684 507 2760 sisque
533 2682 840 2741 Hannibal
877 2683 1135 2759 primum
1167 2681 1469 2755 Numidis,
1499 2682 1709 2741 deinde
1744 2681 1905 2740 omni
1935 2680 2095 2758 equi·

314 2786 465 2852 tatu,
491 2781 789 2838 turbasset
811 2779 1020 2856 utique
1045 2778 1431 2837 novissimum
1466 2797 1692 2855 agmen,
1721 2779 1788 2836 ni
1811 2777 2096 2835 aviditate

315 2877 521 2954 praedes
545 2877 613 2934 in
635 2894 821 2935 vacua
858 2875 1127 2933 Romana
1162 2881 1353 2933 castra
1377 2874 1655 2933 Numidae
1689 2874 2089 2932 devertissent„

263 2994 289 3033 ⁶
312 2974 412 3033 Ibi
464 2973 607 3031 dum
658 2977 1087 3050 perscrutantes
1139 2972 1268 3030 loca
1319 2971 1516 3029 omnia
1557 2976 1879 3028 castrorum
1929 2971 2096 3029 nullo

313 3071 457 3130 satis
482 3071 659 3148 digno
695 3089 870 3128 moras
904 3070 1097 3146 pretio
1125 3074 1361 3146 tempus
1394 3073 1613 3138 terunt,
1643 3067 1886 3125 emissus
1911 3067 2097 3125 hostis

314 3173 407 3228 est
445 3168 520 3227 de
555 3167 864 3243 manibus;
903 3172 965 3226 et
1003 3184 1187 3244 quum
1226 3166 1346 3224 iam
1392 3171 1781 3241 transgressos
1827 3163 2097 3222 Trebiam

313 3265 610 3325 Romanos
666 3269 1071 3341 metantesque
1124 3268 1318 3321 castra
1375 3262 1828 3338 conspexissent,
1883 3278 2097 3338 paucos

263 3384 291 3428 r
313 3366 672 3422 moratorum
695 3361 1032 3421 occiderunt
1057 3360 1205 3419 citra
1223 3359 1444 3417 flumen
1468 3358 1836 3434 interceptos.
1883 3357 2092 3436 Scipio,
