2375 3842
340 251 419 314 60
1119 251 1222 315 LI
1226 251 1354 311 VII

288 401 458 467 qiam
501 405 643 460 ante
686 400 929 460 consilio
976 401 1188 460 avidus
1241 401 1600 474 certaminis,
1658 403 1880 463 eduxit
1972 404 2123 462 Erat

336 498 488 556 forte
525 497 748 556 brumae
784 505 1019 576 tempus
1057 506 1120 556 et
1157 499 1374 557 nivalis
1412 500 1538 557 dics
1577 500 1646 558 in
1687 501 1832 559 locis
1869 501 2121 579 Alpibus

335 615 739 710 Quaem
776 594 1254 672 Appenninoque
1298 595 1641 668 interiectis,
1686 597 2120 675 propinquitate

335 707 584 746 numum
592 707 741 747 Treba
779 692 959 751 etiam
1005 691 1316 750 fluminum
1354 711 1424 750 ac
1461 692 1743 768 paludum
1774 694 2115 770 praegelidis

287 798 313 837 a
334 752 649 846 &swa-‚⁸
675 753 742 794 ¹²¹⁸
779 788 884 847 Ad
936 788 1048 846 hoo
1101 789 1318 865 raptim
1368 789 1595 847 eductis
1651 789 1985 849 hominibus
2036 797 2123 853 aa

337 905 453 963 que
490 888 672 963 equis,
709 906 833 945 non
870 892 1041 963 capto
1075 892 1214 943 ante
1256 886 1402 957 cibo,
1443 906 1568 944 non
1605 904 1715 962 ope
1752 886 1878 944 ulla
1912 886 1991 943 ad
2033 905 2123 947 ar-

336 983 585 1042 cendum
631 984 817 1061 frigus
855 982 1138 1053 adbibita,
1178 982 1333 1040 nihil
1372 983 1582 1042 caloris
1619 984 1825 1054 inerat,
1866 989 1927 1041 et
1965 983 2122 1059 quic·

345 1078 489 1154 quid
533 1098 690 1137 aurae
741 1078 1003 1137 fluminis
1041 1078 1607 1155 appropinquabant,
1649 1078 1886 1135 afflabat
1936 1076 2122 1133 acrior

286 1199 311 1238 9
335 1175 570 1252 frigoris
607 1175 715 1234 vis.
800 1175 898 1234 Ut
929 1194 1071 1234 vero
1102 1175 1459 1252 refugientes
1490 1175 1782 1233 Numidas
1815 1174 2121 1248 insequen-

333 1279 425 1332 tes
476 1292 691 1350 aquam
742 1273 989 1350 ingrcssi
1041 1281 1183 1333 sunt
1238 1275 1326 1352 (et
1379 1279 1508 1331 erat
1561 1272 1895 1350 pectoribus
1945 1279 2121 1331 tenus

335 1377 511 1430 aucta
568 1377 856 1430 nocturno
916 1372 1134 1450 imbri),
1183 1379 1314 1430 tum
1368 1372 1575 1448 utique
1634 1372 1875 1447 egressis
1933 1372 2121 1449 rigere

334 1468 605 1527 omuibus
657 1488 912 1545 corpora,
968 1475 1041 1527 ut
1083 1470 1194 1525 vix
1245 1469 1541 1528 armorum
1592 1467 1979 1527 tenendorum
2025 1487 2122 1544 po-

334 1565 528 1622 tentia
565 1570 778 1635 efflent,
818 1570 882 1623 et
918 1564 1096 1622 simul
1133 1564 1484 1623 lassitudine
1514 1570 1593 1637 et,
1622 1565 1968 1641 procedente
2001 1562 2120 1621 iam

233 1672 307 1731 55
335 1663 448 1735 die,
490 1663 645 1720 fame
684 1662 866 1720 etiam
903 1662 1161 1719 deficere.
1245 1662 1606 1720 Hannibalis
1652 1662 1891 1719 interim
1932 1661 2117 1732 miles,

333 1759 570 1835 ignibus
605 1765 744 1817 ante
780 1758 1038 1817 tentoria
1074 1758 1246 1816 factis
1281 1759 1523 1835 oleoque
1547 1777 1653 1835 per
1676 1757 2020 1833 manipulos,
2049 1762 2120 1813 ut

334 1854 636 1912 mollirent
683 1859 862 1926 artus,
911 1853 1090 1911 mimo
1136 1858 1199 1910 et
1244 1853 1374 1910 cibo
1418 1873 1525 1929 per
1564 1851 1751 1910 otium
1794 1856 1981 1927 capto,
2015 1851 2121 1908 ubi

331 1956 721 2027 transgressos
758 1950 978 2007 flumen
1014 1949 1214 2008 hostes
1252 1950 1592 2008 nuntiatum
1627 1954 1733 2021 est,
1773 1948 1963 2006 alacer
1996 1948 2119 2005 ani·

332 2045 446 2103 mis
481 2046 935 2123 corporibusque
965 2065 1131 2104 arma
1154 2046 1313 2123 capit
1338 2053 1515 2123 atque
1540 2047 1607 2105 in
1632 2046 1814 2103 aciem
1840 2045 2115 2121 procedit-

282 2178 308 2206 ,
332 2139 602 2205 Baliares,
636 2141 793 2199 locat
831 2147 971 2201 ante
1009 2141 1176 2218 signa
1214 2163 1285 2200 ao
1328 2142 1519 2200 levem
1562 2146 1939 2212 armaturam,
1987 2148 2118 2200 octo

330 2238 513 2295 ferme
549 2231 738 2313 millia
761 2236 1082 2308 hominum,
1113 2236 1254 2294 dein
1280 2236 1611 2311 graviorem
1637 2235 1815 2292 armis
1840 2235 2114 2311 peditem,
2219 2251 2224 2256 ·

331 2333 489 2411 quod
527 2333 761 2406 virium,
805 2333 961 2409 quod
998 2332 1225 2391 roboris
1264 2338 1430 2405 erat3
1468 2332 1536 2390 in
1569 2331 1840 2390 cornibus
1877 2331 2117 2389 circum-

330 2431 490 2489 fudit
528 2431 728 2489 decem
761 2430 951 2488 millia
988 2430 1275 2506 equitum,
1306 2433 1368 2487 et
1401 2429 1478 2486 ab
1505 2427 1779 2486 cornibus
1803 2426 1871 2484 in
1894 2433 2114 2485 utram·

282 2558 307 2596 3
329 2545 445 2604 que
480 2532 707 2603 partem
746 2525 964 2583 divisos
999 2523 1341 2600 elephantos
1376 2523 1603 2581 statuit.
1690 2489 1909 2581 bonsul
1936 2523 2116 2581 effuse

329 2627 638 2698 sequentes
676 2621 918 2696 equites,
960 2640 1143 2698 quum
1189 2621 1267 2678 ab
1305 2619 1715 2678 resistentibus
1755 2618 1949 2677 subito
1989 2618 2116 2677 Nu·

327 2717 505 2777 midis
539 2717 764 2775 incauti
802 2716 1229 2792 exciperentur,
1270 2716 1437 2793 signo
1476 2715 1739 2791 receptui
1775 2716 1915 2773 dato
1954 2733 2115 2772 revo-

280 2844 305 2882 4
332 2820 492 2879 catos
522 2811 904 2870 circumdedit
936 2792 1252 2919 peditibusi
1333 2809 1762 2887 Duodeviginti
1786 2809 1973 2867 millia
1998 2808 2115 2866 1³0-

331 2927 507 2967 mana
552 2915 740 2979 erant,
787 2907 1009 2967 socium
1048 2908 1305 2967 nominis
1348 2907 1551 2965 Intini
1602 2904 1834 2979 viginti,
1890 2906 2115 2965 auxilia

328 3012 607 3084 praeterea
671 3006 1172 3078 Oenomanomm3
1240 3025 1312 3063 ea
1363 3004 1486 3062 sola
1535 3003 1602 3061 in
1653 3001 1769 3058 fide
1819 3010 2117 3061 manserat

283 3127 307 3166 s
332 3105 557 3164 Gallica
593 3123 750 3182 gens.
836 3104 924 3162 Iis
964 3104 1146 3180 copiis
1185 3121 1530 3161 concursum
1569 3105 1674 3158 est.
1758 3097 2040 3157 Proelium
2078 3120 2117 3158 a

332 3201 662 3261 Baliaribus
707 3207 903 3260 ortum
948 3207 1076 3274 est3
1143 3200 1360 3277 quibus
1413 3215 1595 3273 quum
1640 3192 1857 3251 maiore
1908 3195 2116 3255 robore

330 3296 586 3374 legiones
631 3296 993 3370 obsisterent,
1037 3296 1279 3355 diducta
1317 3310 1560 3371 propere
1604 3289 1670 3346 iu
1709 3306 1928 3346 cornua
1966 3289 2117 3349 levis

330 3399 628 3455 armam-a
666 3400 773 3469 est,
815 3413 946 3472 quoe
985 3413 1077 3452 res
1119 3392 1329 3463 effecit,
1368 3395 1439 3447 ut
1478 3386 1774 3464 equitatus
1813 3383 2117 3444 Romanus

2363 668 2375 867 ξ

2357 872 2370 965 1
