2375 3842
872 245 1130 305 LIBER
1180 246 1405 309 XXII.
1955 244 2032 304 79

246 391 669 473 perprincipes
702 392 1076 470 hastatosque
1111 413 1179 453 ac
1205 394 1452 467 uias-ios,
1482 412 1590 451 nec
1620 394 1691 451 ut
1721 411 1829 470 pro
1855 390 2036 468 signis

245 490 637 568 antesignani,
666 496 801 568 post
838 490 1005 568 signa
1041 490 1160 549 alia
1198 497 1488 569 pugnaret
1526 489 1696 560 acies,
1723 508 1830 547 nec
1868 495 1941 546 ut
1970 488 2037 546 in

248 609 358 649 sua
383 588 611 665 legione
637 587 805 646 miles
832 598 937 646 aut
963 588 1201 647 cohorte
1226 595 1334 646 aut
1360 587 1661 665 manipulo
1688 591 1841 645 esset
1858 582 2037 683 Nor-s
2062 599 2089 640 s

253 686 638 762 conglobabat
664 690 727 742 et
751 685 985 743 animus
1020 704 1161 743 suus
1198 685 1410 762 cuique
1444 691 1584 742 ante
1609 691 1716 742 aut
1741 689 1875 761 post
1899 701 2040 761 pug-

253 783 435 841 nandi
453 781 724 840 ‘ordinem
759 782 956 854 dabat,
984 787 1303 859 tantusque
1337 783 1454 840 fuit
1492 782 1665 840 ardor
1689 782 2038 852 animorum,
2079 820 2084 825 -
2135 820 2146 831 ·

254 881 398 941 adeo
432 880 701 938 intentus
741 898 951 956 pugnae
986 876 1287 960 [animus],
1315 886 1387 937 ut
1419 899 1554 938 eum
1588 884 1816 938 motum
1853 885 2040 952 terrae,

257 978 362 1054 qui
388 977 712 1034 multarum
737 976 976 1034 urbium
1012 976 1205 1034 Italiae
1237 996 1477 1053 magnas
1501 981 1695 1054 partes
1721 974 2043 1053 prostravit

255 1075 588 1152 avertitque
630 1093 804 1133 cursu
844 1074 1077 1151 rapidos
1115 1093 1334 1146 amnes,
1376 1093 1537 1132 mare
1557 1068 1918 1131 ‘fluminibus
1956 1072 2045 1130 in·

257 1174 440 1244 vexit,
470 1178 699 1231 montes
723 1172 893 1250 lapsu
916 1172 1146 1250 ingenti
1171 1171 1417 1248 proruit,
1448 1189 1619 1229 nemo
1645 1167 2039 1247 pugnantium

259 1270 522 1331 senserit.

379 1365 518 1423 Tres
543 1367 725 1425 ferme
745 1366 917 1424 horas
937 1371 1266 1443 pugnatum
1293 1371 1383 1424 est
1409 1371 1472 1424 et
1497 1363 1715 1441 ubique
1741 1362 2018 1422 atrociter
2026 1384 2045 1439 3
2073 1367 2109 1427 6

260 1481 414 1521 circa
440 1463 735 1520 consulem
770 1469 970 1521 tamen
1009 1463 1198 1520 acrior
1228 1462 1610 1538 infestiorque
1647 1482 1735 1522 ‘nae
1764 1481 1908 1522 consul
1943 1481 2048 1521 him-

262 1576 462 1634 pugna
486 1562 588 1617 est.
648 1557 801 1616 Eum
822 1565 884 1616 et
902 1558 1110 1616 robora
1127 1558 1390 1616 virorum
1417 1577 1612 1635 seque-
1649 1527 1867 1623 323?ss
1878 1527 2048 1622 ἓξὲξ
2075 1586 2097 1613 2

262 1654 499 1726 bantur,
527 1661 588 1712 et
616 1653 758 1731 ipse,
789 1672 1137 1731 quacunque
1171 1655 1238 1712 in
1277 1660 1443 1732 parte
1478 1655 1665 1732 premi
1691 1675 1759 1714 ac
1785 1655 2047 1713 laborare

265 1761 524 1811 senserat
541 1773 690 1826 suos,
712 1754 959 1831 impigre
985 1754 1213 1812 ferebat
1237 1771 1422 1829 opem,
1441 1752 1845 1830 insignemque
1871 1752 2049 1811 armis

263 1857 327 1909 et
352 1850 545 1908 hostes
571 1870 801 1909 summa
826 1850 893 1911 vi
920 1852 1204 1930 petebant
1229 1858 1291 1910 et
1316 1852 1637 1908 tuebantur
1663 1851 1836 1923 cives,
1866 1851 2047 1909 donee
2076 1858 2107 1916 3‘

267 1948 518 2007 Insuber
541 1968 718 2026 eques
756 1948 1039 2027 (Ducario
1064 1968 1279 2008 nomen
1305 1946 1457 2027 erat)
1491 1949 1640 2007 facie
1666 1968 1896 2026 quoque
1921 1967 2049 2007 nos-

265 2046 452 2104 citans
491 2047 804 2114 consulem,
837 2051 873 2081 “
890 2046 994 2104 En
1007 2045 1038 2074 ''
1076 2046 1276 2122 inquit
1318 2051 1356 2080 “
1372 2045 1468 2103 hic
1495 2052 1586 2104 est
1600 2045 1631 2073 ’'
1671 2046 2048 2123 popularibus

263 2139 405 2211 suis,
438 2143 474 2173 ‘⁴
490 2139 597 2215 qui
630 2140 888 2216 legiones
921 2144 1151 2197 nostras
1189 2139 1401 2197 cecidit
1434 2159 1715 2216 agrosque
1756 2146 1817 2198 et
1842 2142 2048 2199 urbem

265 2240 358 2292 est
383 2234 766 2311 depopulatus
785 2256 804 2310 3
846 2237 966 2294 iam
994 2255 1100 2312 ego
1125 2234 1278 2293 hanc
1302 2236 1602 2293 victimam
1631 2236 1899 2293 manibus
1925 2256 2049 2311 per·

242 2335 600 2406 'emptorum
624 2331 774 2389 foede
801 2333 1021 2391 civium
1047 2331 1251 2390 dabo.”
1327 2332 1706 2408 Subditisque
1731 2331 2048 2390 calcaribus
2074 2367 2100 2402 ⁴

266 2445 418 2503 equo
437 2446 542 2503 per
561 2428 1040 2487 confertissimam
1055 2429 1315 2487 hostium
1334 2429 1569 2486 turbam
1584 2430 1870 2506 impetum
1889 2429 2047 2500 facit,

252 2524 729 2600 obtruncatoque
767 2527 933 2603 prius
972 2526 1274 2602 armigero,
1303 2524 1406 2601 qui
1439 2544 1501 2583 se
1534 2525 1747 2584 infesto
1783 2526 2049 2585 venienti

264 2621 501 2680 obviam
536 2622 840 2696 obiecerat,
871 2624 1169 2681 consulem
1204 2623 1403 2681 lancea
1430 2623 1762 2699 transfixit3
1802 2624 2049 2701 spoliare

262 2719 599 2795 cupientem
617 2718 810 2776 triarii
828 2719 1066 2778 obiectis
1087 2718 1268 2777 scutis
1282 2739 1531 2778 arcuere.
1603 2720 1837 2798 Magnae
1863 2724 2047 2800 partis
2075 2749 2099 2789 3

260 2815 407 2891 fuga
429 2814 568 2873 inde
593 2814 848 2892 primum
868 2816 1069 2893 coepit;
1096 2823 1158 2874 et
1181 2817 1301 2873 iam
1320 2837 1427 2875 nec
1452 2817 1612 2876 lacus
1649 2867 1721 2907 tho
1750 2868 1835 2906 m
1871 2877 1944 2907 m
1976 2869 2048 2904 m

260 2929 374 2973 nec
398 2917 626 2971 montes
651 2912 859 2990 pavori
889 2913 1201 2972 obstabant
1219 2935 1238 2988 3
1286 2934 1391 2991 per
1415 2916 1612 2973 omnia
1648 2911 2044 2961 “mmmmm

262 3013 396 3067 arta
425 3017 834 3087 praeruptaque
871 3011 1040 3069 velut
1065 3012 1203 3070 caeci
1231 3013 1506 3084 evadunt,
1536 3031 1810 3088 armaque
1845 3017 1907 3069 et
1923 3011 2048 3067 ³viri

260 3123 441 3180 super
464 3107 648 3163 alium
673 3107 778 3165 alii
803 3109 1260 3186 praecipitantur.
1325 3109 1473 3166 Pars
1498 3127 1723 3183 magna,
1754 3107 1859 3164 ubi
1885 3107 2045 3165 locus
2073 3128 2099 3166 6

261 3200 417 3276 fugae
465 3202 643 3275 deest,
693 3223 799 3280 per
843 3207 1036 3281 prima
1084 3207 1235 3265 vada
1274 3205 1505 3283 paludis
1550 3205 1618 3262 in
1663 3223 1874 3281 aquam
1918 3223 2047 3281 pro-

259 3297 464 3373 gressi,
485 3300 677 3375 quoad
692 3301 981 3378 capitibus
996 3303 1361 3378 humerisque
1381 3307 1611 3360 exstare
1637 3307 1898 3379 possunt,
1921 3320 2045 3360 sese

254 3395 620 3477 ⁴immergunt
630 3418 649 3471 3
678 3399 860 3472 fuere,
890 3419 1035 3476 quos
1053 3398 1418 3457 inconsultus
1431 3417 1619 3474 ,pavor
1644 3398 1839 3456 nando
1867 3398 2044 3456 etiam
2077 3414 2086 3442 '-
2133 3459 2163 3467 ,,
