2375 3842
917 230 1177 290 LIBER
1227 229 1400 290 XXI.
1969 231 2043 289 41

268 383 444 461 vulgo
477 380 726 455 credere,
764 379 1014 439 Poenino
1047 377 1249 460 (atque
1286 379 1425 437 inde
1453 397 1669 438 nomen
1694 379 1752 438 ei
1775 379 1920 456 iugo
1940 378 2051 438 Al-

267 479 432 556 pium
458 475 740 556 inditmn)
765 482 1211 554 transgressum,
1241 474 1483 533 Caelium
1507 493 1612 552 per
1638 475 1940 535 Cremonis
1964 476 2050 534 iu·
2073 502 2098 541 7

267 594 407 651 gum
449 575 640 633 dicere
685 574 1000 647 transisse3
1058 571 1163 648 qui
1207 572 1379 629 ambo
1423 571 1609 629 saltus
1646 591 1782 630 eum
1821 591 1944 631 non
1982 571 2049 631 in

268 671 571 745 Taurinos,
601 669 704 730 sed
728 688 835 746 per
863 669 1009 727 alios
1043 674 1351 727 montanos
1381 667 1456 725 ad
1482 666 1703 726 Libuos
1731 668 1930 728 Gallos
1955 669 2052 728 de-

269 768 590 828 duxissent.
675 767 805 825 Nec
843 766 972 824 veri
1012 765 1202 824 simile
1243 771 1351 837 est,
1394 783 1464 822 ea
1503 770 1634 822 tum
1675 765 1752 823 ad
1793 766 2097 824 Galliam:

267 864 526 940 patuisse
564 864 590 922 i
681 849 818 934 era;
856 862 1081 939 utique,
1108 880 1238 938 quoe
1263 861 1340 920 ad
1366 860 1679 919 Poeninum
1706 861 1922 935 ferunt,
1951 863 2050 935 pb-

267 968 447 1038 soepta
470 961 744 1039 gentibus
770 956 1217 1036 Semigermanis
1246 956 1507 1016 fuiment.
1579 955 1789 1034 Neque
1813 959 2047 1017 hercule
2069 982 2098 1023 9

265 1058 564 1116 montibus
614 1057 727 1130 his,
773 1057 828 1116 si
878 1075 1055 1133 quem
1103 1055 1256 1113 forte
1305 1053 1374 1113 id
1422 1059 1636 1126 movet,
1680 1055 1754 1112 ab
1792 1055 2048 1114 transitu

268 1153 582 1212 Poenorum
606 1155 730 1212 ullo
756 1152 979 1212 Seduni
993 1151 1265 1229 Veragri,
1291 1151 1494 1210 incolae
1515 1150 1641 1226 iugi
1667 1151 1808 1222 eius,
1835 1169 2048 1208 nomen

264 1252 467 1308 ferunt
504 1251 777 1322 inditum,
806 1250 908 1307 sed
946 1249 1021 1306 ab
1060 1267 1148 1320 ec,
1183 1267 1358 1324 quem
1396 1248 1464 1305 in
1497 1264 1724 1306 summo
1757 1254 2047 1305 sacratum

263 1346 486 1404 vertice
510 1344 825 1404 Poeninum
849 1345 1115 1404 montani
1141 1344 1454 1421 appellant.
1921 1371 2038 1417 ,κ

387 1440 917 1520 Peropportunead
943 1442 1230 1519 principia
1244 1461 1442 1500 rerum
1459 1440 1748 1514 Taurinis,
1767 1438 2046 1518 proximae
2071 1448 2147 1506 39

266 1540 450 1617 genti,
488 1540 766 1598 adversus
804 1539 1085 1598 Insubres
1122 1545 1351 1597 motum
1392 1538 1614 1597 bellum
1652 1575 1860 1616 „mm
1879 1578 1984 1616 „m
1999 1579 2046 1616 to

264 1643 408 1697 erat.
493 1634 611 1695 Sed
650 1655 876 1695 armare
921 1635 1243 1694 exercitum
1282 1634 1607 1709 Hannibal,
1648 1623 1801 1663 “m'‘
1815 1623 1879 1663 ¹²¹⁸
1892 1632 2022 1671 um,

265 1738 336 1791 ut
361 1734 519 1810 parti
544 1733 717 1792 alteri
741 1732 965 1791 auxilio
1000 1739 1167 1806 emt,
1196 1734 1264 1791 in
1299 1732 1609 1791 reficiendo
1644 1732 1898 1791 maxime
1923 1750 2046 1791 sen·

265 1829 511 1889 tientem
539 1836 836 1889 contracta
859 1836 998 1888 ante
1023 1830 1195 1903 mala,
1221 1848 1344 1888 non
1368 1836 1634 1907 poterat5
1672 1830 1863 1888 otium
1888 1829 2046 1888 enim
2072 1864 2096 1891 2

266 1945 341 1983 ex
377 1927 591 2000 labore,
633 1927 799 2004 copia
838 1945 914 1985 ex
951 1926 1166 2004 inopia,
1207 1927 1402 1985 cultus
1439 1947 1515 1985 ex
1551 1927 1757 1985 illuvie
1797 1927 2047 2003 tabeque
2101 1908 2118 1917 ἢ

264 2023 527 2098 squalida
554 2030 614 2082 et
640 2044 820 2101 prope
851 2024 1092 2081 efferata
1124 2042 1366 2100 corpora
1389 2024 1552 2082 varie
1583 2004 1936 2082 movebat?
1956 2023 2047 2081 Ea
2072 2051 2096 2089 ³

266 2118 333 2178 P.
386 2108 657 2177 Cornelio
699 2120 926 2178 consuli
969 2140 1143 2179 causa
1183 2121 1316 2194 fuit,
1361 2140 1546 2198 quum
1588 2120 1755 2179 Pisas
1794 2120 2047 2178 navibus

264 2216 539 2285 venisset,
567 2217 829 2275 exercitu
853 2237 890 2274 a
914 2216 1141 2274 Manlio
1171 2217 1475 2294 Atilioque
1500 2223 1735 2292 accepto
1766 2217 1959 2274 tirone
1985 2222 2046 2273 et

264 2310 333 2368 in
370 2310 540 2367 novis
577 2310 913 2386 ignominiis
947 2313 1191 2390 trepide,
1228 2313 1304 2370 ad
1339 2312 1568 2371 Padum
1601 2312 1935 2383 festinandi,
1975 2318 2049 2369 ut

264 2425 400 2478 cum
419 2406 584 2463 hoste
603 2408 863 2466 nondum
880 2410 1096 2467 refecto
1115 2428 1326 2467 manus
1344 2414 1679 2466 consereret.
1725 2408 1842 2469 Sed
1866 2428 2047 2488 quum
2072 2437 2097 2473 4

264 2503 629 2562 Placentiam
668 2506 869 2563 consul
894 2506 1075 2578 venit,
1103 2506 1225 2563 iam
1263 2525 1341 2564 ex
1378 2505 1611 2593 stativis

262 2603 528 2659 moverat
554 2599 860 2659 Hannibal
891 2602 1394 2678 Taurinorumque
1426 2584 1607 2660 unam
1645 2576 1953 2668 ‘iam
1955 2576 2051 2665 0⁸¹2

262 2698 484 2769 urbem,
509 2702 687 2773 caput
711 2698 904 2774 gentis
931 2698 1071 2771 eius,
1093 2698 1234 2774 quia
1256 2699 1563 2757 volentes
1543 2717 1611 2757 in
1648 2670 1693 2707 ω
1708 2671 1815 2707 meet
1838 2669 1987 2719 &⁹¹⁰⁰

264 2794 582 2852 amicitiam
619 2813 742 2852 non
770 2794 1105 2868 veniebant,
1132 2795 1198 2852 vi
1230 2802 1634 2872 expugnarat.
1672 2806 1726 2856 et
1760 2797 2050 2856 iunxisset
2074 2827 2099 2867 5

264 2891 379 2948 sibi
404 2910 524 2948 non
551 2897 716 2949 metu
740 2891 946 2964 solum,
964 2892 1065 2950 sed
1084 2893 1264 2950 etiam
1283 2893 1588 2951 voluntate
1608 2892 1808 2953 Gallos
1828 2893 2048 2952 accolas
2103 2892 2166 2965 Ὀ
2183 2888 2200 2905 '⁴

262 2983 428 3060 Padi,
457 2988 524 3045 ni
550 3007 648 3045 eos
673 2988 1221 3064 circumspectantes
1241 2990 1582 3048 defectionis
1601 2995 1832 3067 tempus
1851 2989 2049 3048 subito

261 3082 523 3141 adventu
556 3085 762 3141 consul
801 3086 1194 3160 oppressisset.
1278 3086 1362 3144 Et
1399 3085 1706 3144 Hannibal
1744 3085 1934 3144 movit
1973 3106 2048 3145 ex
2073 3111 2099 3149 ⁶

261 3178 548 3253 Taurinis,
576 3181 845 3252 incertos,
866 3200 995 3258 quse
1020 3201 1153 3258 pars
1179 3184 1474 3259 sequenda
1497 3189 1663 3255 esset,
1683 3182 1884 3242 Gallos
1907 3203 2049 3261 prae·

261 3260 488 3332 sentem
526 3282 826 3335 secuturos
857 3296 980 3336 esse
1009 3284 1190 3337 ratus.
1274 3279 1407 3336 Iam
1441 3299 1621 3357 prope
1644 3280 1713 3338 in
1736 3286 2045 3358 conspectu
2075 3306 2099 3344 7

259 3375 433 3428 erant
471 3373 762 3431 exercitus
792 3382 1315 3453 convenerantque
1362 3376 1536 3435 duces
1573 3377 1752 3436 sicuti
1786 3378 1946 3437 inter
1983 3397 2045 3436 se
