2375 3842
918 238 1176 300 LIBER
1226 238 1454 298 XXII.
1964 232 2079 292 133

290 399 398 467 tes,
427 397 506 465 et,
534 409 720 469 quum
744 389 811 448 in
836 388 995 448 latus
1021 388 1317 458 dextrum,
1344 386 1502 464 quod
1526 384 1782 463 patebat,
1802 382 2081 441 Numidae
2107 409 2153 436 n

289 488 700 561 inciderentur,
741 485 1048 544 translatis
1086 483 1153 541 in
1193 484 1473 542 dextrum
1513 482 1714 555 scutis,
1757 481 1825 538 in
1860 478 2084 538 maiora

290 589 479 642 castra
525 583 602 640 ad
644 588 948 641 sexcentos
997 584 1333 653 evaserunt,
1375 584 1555 656 atque
1606 578 1745 636 inde
1795 575 2080 655 protinus,

289 680 406 738 alio
431 698 645 757 magno
670 678 906 755 agmine
931 677 1226 750 adiuncto,
1256 675 1576 735 Canusium
1616 673 1935 733 incolumes
1960 691 2086 750 per-

288 778 554 836 veniunt.
640 775 789 834 Haec
829 775 988 853 apud
1013 775 1202 832 victos
1242 773 1431 851 magis
1467 773 1697 850 impetu
1735 770 2081 841 animorum,
2113 794 2160 821 ιο

288 893 465 949 quem
491 871 797 949 ingenium
831 890 1005 929 suum
1042 871 1255 948 cuique
1283 876 1391 929 aut
1423 870 1543 929 fors
1570 870 1763 941 dabat,
1795 887 1974 946 quam
2009 887 2085 926 ex

288 967 531 1025 consilio
556 968 822 1044 ipsorum
848 972 957 1023 aut
981 965 1230 1043 imperio
1255 965 1601 1043 cuiusquam
1626 966 1962 1042 agebantur.

409 1063 743 1123 Hannibali
776 1062 991 1121 victori
1023 1080 1210 1140 quum
1245 1062 1427 1120 ceteri
1460 1060 1797 1120 circumfusi
1828 1059 2085 1137 gratula-
2113 1055 2185 1114 51

287 1168 495 1220 rentur
529 1162 974 1237 suaderentque,
997 1165 1086 1232 ut,
1104 1164 1276 1217 tanto
1295 1158 1639 1234 perfunctus
1677 1177 1796 1217 whne
1859 1178 1931 1217 the
1988 1188 2084 1217 con-

287 1260 457 1332 bello‚
489 1258 607 1317 diei
633 1257 789 1335 quod
825 1257 1122 1334 reliquum
1157 1262 1312 1314 esset
1337 1255 1642 1331 noctisque
1679 1233 1811 1310 iffi?
1803 1226 1963 1309 {⁸13⁶ss
1980 1225 2085 1264 Μ

287 1352 650 1429 insequentis
676 1352 936 1429 quietem
962 1357 1023 1409 et
1049 1350 1176 1427 ipse
1203 1348 1317 1408 sibi
1355 1354 1612 1408 sumeret
1638 1353 1701 1407 et
1724 1345 1891 1406 fessis
1917 1345 2084 1404 daret

289 1448 594 1520 militibus,
644 1447 955 1505 Maharbal
1001 1446 1309 1523 praefectus
1356 1445 1639 1522 equitum,
1679 1442 1923 1502 minime
1970 1463 2084 1503 ces-
2108 1471 2130 1497 2

288 1542 538 1599 sandum
576 1546 758 1613 ratus,
793 1546 830 1576 “
845 1540 1040 1599 Immo
1066 1547 1154 1616 ut,
1184 1541 1331 1619 quid
1369 1542 1479 1599 hac
1518 1560 1719 1618 pugna
1750 1540 1829 1598 sit
1863 1546 2078 1612 actum,

289 1639 451 1708 scias,
483 1638 578 1696 die
623 1637 885 1716 quint0,’'
926 1638 1125 1715 inquit
1169 1643 1206 1673 ‘⁸
1222 1639 1414 1697 victor
1451 1638 1519 1697 in
1559 1637 1849 1716 Capitolio
1890 1638 2084 1715 epula-

286 1734 459 1792 beris.
546 1732 837 1810 Sequere3
888 1753 1023 1792 cum
1062 1733 1279 1812 equite,
1322 1740 1395 1793 ut
1431 1734 1599 1812 prius
1637 1735 1865 1792 venisse
1904 1753 2085 1811 quam

288 1838 606 1889 venturum
645 1832 847 1904 sciant,
893 1830 1266 1909 praecedam.”
1350 1831 1680 1891 Hannibali
1723 1834 1902 1892 nimis
1942 1834 2079 1892 laeta
2107 1863 2132 1900 3
2210 1834 2215 1839 ’

287 1945 378 1985 res
405 1933 495 1986 est
512 1928 642 1986 visa
659 1927 978 2005 maiorque,
1001 1949 1180 2006 quam
1199 1935 1271 1988 ut
1286 1948 1416 1988 eam
1441 1929 1644 1988 statim
1663 1950 1866 2008 capere
1884 1932 2082 1989 animo

284 2029 492 2101 posset.
568 2026 784 2103 Itaque
811 2026 1181 2085 voluntatem
1209 2046 1270 2084 se
1297 2027 1536 2085 laudare
1564 2027 1928 2086 Maharbalis
1962 2027 2049 2085 ait
2061 2048 2079 2100 3

286 2120 361 2177 acl
409 2121 719 2178 consilium
760 2121 1126 2197 pensandum
1172 2122 1453 2197 temporis
1500 2139 1651 2197 opus
1699 2140 1833 2181 esse.
1929 2122 2080 2179 Tum
2105 2156 2129 2193 4

285 2216 595 2274 Maharbal
626 2239 639 2275 ε
699 2222 735 2252 “
751 2218 894 2276 Non
943 2218 1140 2277 omnia
1184 2218 1469 2276 nimirum
1510 2217 1700 2274 eidem
1746 2218 1808 2275 di
1851 2215 2075 2275 dedere.

285 2312 544 2370 Vincere
590 2315 717 2388 scis,
766 2315 1113 2388 Hanniba13
1155 2314 1405 2372 victoria
1444 2313 1539 2371 uti
1585 2312 1827 2371 nescis.”
1907 2313 2079 2373 Mora

286 2411 412 2468 eius
439 2410 556 2467 diei
582 2411 726 2468 satis
752 2412 1012 2468 creditur
1037 2410 1217 2469 saluti
1243 2410 1423 2468 fuisse
1448 2408 1586 2466 urbi
1610 2414 1789 2485 atque
1814 2407 2069 2485 imperio

407 2505 653 2564 Postero
680 2507 790 2580 die,
827 2508 932 2565 ubi
958 2508 1216 2585 primum
1252 2506 1473 2580 illuxit,
1510 2505 1586 2563 ad
1622 2505 1810 2581 spolia
1833 2505 2078 2583 legenda
2104 2539 2127 2577 5

284 2606 612 2681 foedamque
639 2604 816 2662 etiam
842 2604 1110 2663 hostibus
1137 2603 1513 2680 spectandam
1542 2608 1797 2680 stragem
1834 2609 2069 2664 exeunt.

286 2703 567 2762 Iacebant
605 2706 698 2760 tot
739 2701 1141 2759 Romanorum
1179 2700 1385 2771 millia,
1414 2701 1640 2777 pedites
1676 2700 1892 2777 passim
1920 2700 2075 2779 equi-
2100 2715 2126 2754 6

285 2810 505 2877 tesque,
543 2803 615 2856 ut
657 2818 831 2875 quem
869 2798 1081 2874 cuique
1116 2796 1239 2855 fors
1275 2802 1382 2854 aut
1415 2814 1614 2875 pugna
1653 2798 1932 2856 iunxerat
1969 2805 2076 2857 aut

283 2898 459 2973 fuga3
515 2902 883 2974 assurgentes
938 2894 1177 2971 quidam
1224 2913 1302 2952 ex
1345 2900 1541 2972 strage
1586 2895 1779 2952 media
1824 2895 2072 2969 cruenti,

285 3014 431 3071 quos
457 2995 662 3053 stricta
685 2992 979 3051 matutino
1015 2992 1231 3069 frigore
1267 2991 1670 3051 excitaverant
1706 2991 1968 3061 vulnera,
1999 2992 2074 3049 ab

284 3090 450 3149 hoste
476 3090 735 3168 oppressi
756 3079 935 3165 'sunt3
968 3089 1249 3166 quosdam
1276 3093 1336 3146 et
1362 3088 1616 3146 iacentes
1641 3086 1811 3144 vivos
1839 3087 2076 3145 succisis
2099 3113 2124 3151 ⁷

283 3185 600 3246 feminibus
644 3187 1082 3264 poplitibusque
1127 3185 1503 3257 invenerunt,
1553 3183 1844 3241 nudantes
1895 3184 2073 3243 cervi-

284 3301 412 3341 cem
434 3283 815 3360 iugulumque
840 3290 903 3341 et
927 3284 1220 3360 reliquum
1248 3283 1593 3358 sanguinem
1628 3280 1898 3339 iubentes
1932 3280 2072 3349 ham-

283 3379 438 3454 rir03
476 3379 706 3439 inventi
745 3379 984 3457 quidam
1024 3386 1166 3439 sunt
1206 3378 1411 3437 mersis
1449 3378 1515 3435 in
1554 3378 1819 3437 effossam
1851 3383 2069 3435 terram
2094 3392 2121 3434 8
