2375 3842
917 250 1183 309 LIBER
1234 250 1422 310 XXI.
2025 240 2070 307 9'

272 395 392 454 seri
424 396 630 470 solent,
659 395 762 455 sed
794 396 963 454 iustae
996 396 1166 469 acies,
1194 396 1362 454 velut
1395 395 1625 473 patenti
1656 414 1875 472 campo,
1906 394 2065 453 inter

275 493 477 552 ruinas
502 493 659 551 muri
684 499 955 571 wctaque
981 493 1146 552 urbis
1179 493 1410 553 modico
1442 494 1724 552 distantia
1749 491 2064 552 intervallo

275 591 676 651 constiterant.
722 590 887 649 Hinc
906 610 1052 668 spes,
1074 591 1214 649 hinc
1239 590 1568 668 desperatio
1593 590 1818 649 animos
1843 590 2058 665 irritat,
2086 602 2115 645 8

276 688 461 746 Poeno
487 688 705 766 cepisse
737 687 853 745 iam
886 707 953 745 se
979 689 1200 760 urbem,
1232 687 1285 746 si
1319 688 1560 765 paulum
1594 688 1917 761 annitatur,
1946 706 2065 746 cre-

273 785 471 856 dente,
501 784 844 861 Saguntinis
882 803 990 862 pro
1021 785 1247 842 nudata
1281 785 1570 843 moenibus
1596 785 1789 863 patria
1823 804 2065 862 corpora

275 883 706 961 opponentibus
731 901 839 940 nec
866 882 986 939 ullo
1022 882 1229 959 pedem
1262 881 1572 956 referente,
1600 902 1675 941 ne
1699 882 1767 940 in
1791 883 2063 941 relictum

274 1000 310 1038 a
344 1000 408 1038 se
442 980 633 1038 locum
665 981 894 1039 hostem
928 980 1290 1039 immitteret.
1376 980 1593 1057 Itaque
1626 998 1743 1056 quo
1776 980 1968 1039 acrius
2002 987 2067 1038 et
2088 1004 2115 1044 9

275 1078 525 1137 conferti
564 1078 750 1156 magis
788 1078 1067 1154 utrinque
1107 1078 1466 1154 pugnabant,
1496 1097 1564 1136 eo
1599 1077 1799 1156 plures
1833 1077 2066 1136 vulner-

274 1176 545 1249 abantur,
601 1175 767 1234 nullo
820 1175 979 1233 inter
1024 1194 1187 1232 arma
1234 1193 1588 1252 corporaque
1633 1193 1789 1232 vano
1831 1173 2066 1232 interci-

274 1273 453 1331 dente
495 1273 630 1333 telo.
716 1272 1026 1331 Phalarica
1064 1278 1193 1330 erat
1234 1271 1578 1348 Saguntinis
1616 1271 1837 1330 missile
1877 1270 2063 1329 telum
2093 1299 2145 1326 to

275 1370 477 1429 hastili
517 1370 761 1447 abiegno
801 1376 864 1428 et
897 1375 1088 1428 cetera
1122 1368 1301 1426 tereti
1333 1374 1721 1446 praeterquam
1761 1367 1838 1426 ad
1874 1374 2066 1426 extre-

275 1485 456 1541 mum,
487 1467 644 1526 unde
683 1469 905 1526 ferrum
944 1466 1256 1540 exstabat3
1297 1465 1377 1540 id,
1413 1465 1565 1524 sicut
1604 1466 1669 1524 in
1707 1465 1846 1544 pilo,
1889 1466 2067 1543 quad·

275 1573 473 1622 ratum
500 1570 714 1643 stuppa
732 1565 1215 1640 circumligabant
1240 1563 1620 1640 linebantque
1645 1561 1772 1641 pice
1785 1583 1802 1637 3
1841 1564 2066 1623 ferrum
2095 1599 2140 1626 n

277 1668 477 1720 autem
505 1669 627 1721 tres
653 1662 893 1740 longum
921 1662 1174 1720 habebat
1200 1661 1391 1738 pedes,
1421 1666 1493 1720 ut
1517 1681 1651 1720 cum
1678 1662 1856 1720 armis
1882 1667 2068 1720 trans·

274 1758 451 1835 figere
486 1778 692 1837 corpus
724 1764 934 1837 posset.
1019 1758 1135 1817 Sed
1160 1758 1225 1816 id
1249 1759 1518 1831 maxime,
1551 1759 1781 1817 etiamsi
1807 1759 2070 1818 haesisset

275 1855 342 1914 in
377 1863 544 1915 scuto
577 1877 687 1916 nec
720 1862 1084 1935 penetrasset
1118 1856 1184 1915 in
1224 1875 1451 1934 corpus,
1476 1875 1754 1935 pavorem
1793 1857 2067 1932 faciebat,

275 1954 448 2031 quod,
480 1973 662 2031 quum
689 1954 948 2013 medium
981 1972 1288 2012 accensum
1327 1953 1667 2013 mitteretur
1701 1962 2070 2032 conceptum·
2098 1985 2144 2012 u

277 2070 394 2128 que
435 2051 561 2129 ipso
614 2058 782 2111 motu
827 2051 1018 2110 multo
1070 2050 1353 2110 maiorem
1405 2052 1602 2128 ignem
1656 2052 1854 2125 ferret,
1904 2072 2069 2111 arma

277 2148 477 2206 omitti
503 2149 744 2225 cogebat
768 2149 1108 2225 nudumque
1133 2149 1388 2207 militem
1414 2150 1489 2207 ad
1517 2149 1891 2227 insequentes
1917 2150 2069 2209 ictus

277 2245 589 2322 praebebat.
675 2244 875 2315 Quum
910 2245 1014 2303 diu
1049 2264 1260 2323 anceps
1294 2245 1506 2304 fuisset
1542 2252 1853 2318 certamen,
1882 2255 1945 2306 et
1971 2248 2069 2307 Sa-
2095 2246 2132 2304 9

149 2324 173 2365 ·.
278 2340 568 2417 guntinis,
584 2342 725 2418 quia
742 2347 954 2419 praeter
972 2361 1134 2419 spem
1150 2342 1505 2416 resisterent,
1527 2342 1847 2402 crevissent
1866 2345 2067 2419 animi,

279 2439 514 2511 Poenus,
565 2438 705 2514 quia
749 2458 871 2497 non
909 2439 1165 2509 vicisset,
1203 2458 1311 2517 pro
1350 2439 1510 2498 victo
1549 2447 1718 2512 esset,
1757 2441 2067 2501 clamorem
2094 2476 2118 2503 ι

277 2540 518 2613 repente
544 2535 822 2613 oppidani
850 2537 1072 2595 tollunt
1096 2536 1442 2613 hostemque
1469 2538 1535 2596 in
1561 2537 1763 2596 ruinas
1789 2539 1945 2598 muri
1972 2559 2069 2598 ex-

275 2632 525 2710 pellunt,
573 2632 712 2697 inde
765 2633 1115 2712 impeditum
1168 2634 1676 2712 trepidantemque
1728 2637 2065 2713 exturbant,

277 2736 570 2807 postremo
595 2730 793 2789 fusum
818 2730 1206 2808 fugatumque
1232 2731 1299 2790 in
1325 2738 1515 2790 castra
1539 2732 1830 2809 redigunt.

264 2810 273 2821 ’
399 2828 652 2885 Interim
691 2828 767 2886 ab
805 2826 1001 2886 Roma
1039 2827 1260 2905 legatos
1295 2829 1524 2887 venisse
1563 2830 1903 2888 nuntiatum
1943 2838 2067 2909 est;
2091 2858 2114 2895 ³

277 2923 491 3000 quibus
528 2924 766 2982 obviam
791 2923 866 2983 ad
902 2944 1064 2983 mare
1093 2924 1262 2983 missi
1287 2926 1362 2983 ab
1390 2925 1624 2984 Hanni-
1664 2971 1753 3013 'rho
1784 2973 1950 3013 Romu
1981 2985 2068 3014 m-

277 3022 425 3093 bale,
464 3020 568 3097 qui
603 3021 882 3094 dicerent,
919 3040 1029 3079 nec
1061 3028 1198 3080 tuto
1233 3042 1331 3081 eos
1366 3023 1629 3088 adituros
1667 3018 2070 3107 ffloeflamffffli

277 3117 434 3176 inter
460 3125 550 3176 tot
576 3125 701 3176 tam
729 3119 1141 3177 effrenatarum
1160 3119 1427 3195 gentium
1448 3138 1625 3191 arma,
1669 3111 1833 3150 ΝΜ
1847 3114 1893 3151 ‘⁰
1907 3116 2016 3153 ‘¹¹⁰⁸‘

278 3233 383 3271 nec
424 3214 757 3272 Hannibali
792 3215 857 3273 in
894 3221 1067 3274 tanto
1108 3215 1446 3274 discrimine
1479 3235 1679 3274 rerum
1719 3236 1906 3293 operae
1944 3238 2068 3278 esse

278 3311 596 3387 legationes
635 3311 855 3371 audire.
939 3312 1305 3390 Apparebat,
1334 3331 1455 3370 non
1487 3312 1769 3372 admissos
1795 3316 2066 3391 protinus
2091 3343 2117 3381 ⁴

279 3407 694 3486 Carthaginem
737 3409 944 3470 ituros.
1027 3410 1286 3468 Litteras
1338 3409 1526 3486 igitur
1579 3413 1938 3490 nuntiosque
1989 3413 2066 3472 ad
